timestamp_utc,symbol,exchange,mid_price,best_bid,best_ask
2026-03-11T15:35:51.370+00:00,BTC-USD,coinbase,69990.39499999999,69990.39,69990.4
2026-03-11T15:35:51.371+00:00,ETH-USD,coinbase,2039.435,2039.43,2039.44
2026-03-11T15:35:51.371+00:00,SOL-USD,coinbase,85.055,85.05,85.06
2026-03-11T15:35:51.594+00:00,SOL-USD,kraken,85.055,85.05,85.06
2026-03-11T15:35:51.594+00:00,ETH-USD,kraken,2039.5349999999999,2039.22,2039.85
2026-03-11T15:35:51.595+00:00,ETH-USD,coinbase,2039.5149999999999,2039.51,2039.52
2026-03-11T15:35:51.595+00:00,BTC-USD,coinbase,69993.595,69993.59,69993.6
2026-03-11T15:35:51.751+00:00,BTC-USD,coinbase,69993.595,69993.59,69993.6
2026-03-11T15:35:51.810+00:00,ETH-USD,coinbase,2039.5949999999998,2039.59,2039.6
2026-03-11T15:35:51.810+00:00,ETH-USD,coinbase,2039.5949999999998,2039.59,2039.6
2026-03-11T15:35:51.830+00:00,BTC-USD,coinbase,69993.595,69993.59,69993.6
2026-03-11T15:35:51.852+00:00,SOL-USD,coinbase,85.055,85.05,85.06
2026-03-11T15:35:51.943+00:00,BTC-USD,coinbase,69993.595,69993.59,69993.6
2026-03-11T15:35:52.119+00:00,ETH-USD,coinbase,2039.5949999999998,2039.59,2039.6
2026-03-11T15:35:52.119+00:00,ETH-USD,coinbase,2039.5949999999998,2039.59,2039.6
2026-03-11T15:35:52.120+00:00,BTC-USD,coinbase,69990.75,69990.39,69991.11
2026-03-11T15:35:52.120+00:00,SOL-USD,coinbase,85.055,85.05,85.06
2026-03-11T15:35:52.199+00:00,BTC-USD,coinbase,69990.75,69990.39,69991.11
2026-03-11T15:35:52.287+00:00,ETH-USD,coinbase,2039.505,2039.47,2039.54
2026-03-11T15:35:52.321+00:00,BTC-USD,coinbase,69990.39499999999,69990.39,69990.4
2026-03-11T15:35:52.350+00:00,SOL-USD,coinbase,85.055,85.05,85.06
2026-03-11T15:35:52.426+00:00,BTC-USD,coinbase,69990.39499999999,69990.39,69990.4
2026-03-11T15:35:52.532+00:00,ETH-USD,coinbase,2039.505,2039.5,2039.51
2026-03-11T15:35:52.643+00:00,BTC-USD,coinbase,69990.39499999999,69990.39,69990.4
2026-03-11T15:35:52.644+00:00,SOL-USD,coinbase,85.055,85.05,85.06
2026-03-11T15:35:52.784+00:00,ETH-USD,coinbase,2039.5949999999998,2039.59,2039.6
2026-03-11T15:35:52.799+00:00,ETH-USD,coinbase,2039.5949999999998,2039.59,2039.6
2026-03-11T15:35:52.822+00:00,BTC-USD,coinbase,69993.595,69993.59,69993.6
2026-03-11T15:35:52.826+00:00,SOL-USD,coinbase,85.055,85.05,85.06
2026-03-11T15:35:53.073+00:00,BTC-USD,coinbase,69993.595,69993.59,69993.6
2026-03-11T15:35:53.321+00:00,BTC-USD,coinbase,69997.185,69997.18,69997.19
2026-03-11T15:35:53.443+00:00,BTC-USD,coinbase,69997.185,69997.18,69997.19
2026-03-11T15:35:53.534+00:00,ETH-USD,coinbase,2039.5949999999998,2039.59,2039.6
2026-03-11T15:35:53.572+00:00,BTC-USD,coinbase,69999.045,69999.04,69999.05
2026-03-11T15:35:53.600+00:00,SOL-USD,coinbase,85.07499999999999,85.07,85.08
2026-03-11T15:35:53.824+00:00,SOL-USD,coinbase,85.07499999999999,85.07,85.08
2026-03-11T15:35:53.824+00:00,ETH-USD,coinbase,2039.6350000000002,2039.63,2039.64
2026-03-11T15:35:53.824+00:00,ETH-USD,coinbase,2039.6350000000002,2039.63,2039.64
2026-03-11T15:35:53.824+00:00,BTC-USD,coinbase,69997.185,69997.18,69997.19
2026-03-11T15:35:53.849+00:00,SOL-USD,coinbase,85.065,85.06,85.07
2026-03-11T15:35:53.948+00:00,BTC-USD,coinbase,69997.185,69997.18,69997.19
2026-03-11T15:35:54.033+00:00,ETH-USD,coinbase,2039.755,2039.75,2039.76
2026-03-11T15:35:54.075+00:00,BTC-USD,coinbase,69999.995,69999.99,70000.0
2026-03-11T15:35:54.104+00:00,SOL-USD,coinbase,85.065,85.06,85.07
2026-03-11T15:35:54.217+00:00,BTC-USD,coinbase,69999.995,69999.99,70000.0
2026-03-11T15:35:54.322+00:00,BTC-USD,coinbase,70004.405,70004.4,70004.41
2026-03-11T15:35:54.350+00:00,SOL-USD,coinbase,85.07499999999999,85.07,85.08
2026-03-11T15:35:54.445+00:00,BTC-USD,coinbase,70004.405,70004.4,70004.41
2026-03-11T15:35:54.534+00:00,ETH-USD,coinbase,2039.755,2039.75,2039.76
2026-03-11T15:35:54.570+00:00,BTC-USD,coinbase,70003.215,70003.21,70003.22
2026-03-11T15:35:54.740+00:00,BTC-USD,coinbase,70003.215,70003.21,70003.22
2026-03-11T15:35:55.077+00:00,BTC-USD,coinbase,70003.215,70003.21,70003.22
2026-03-11T15:35:55.321+00:00,BTC-USD,coinbase,70003.215,70003.21,70003.22
2026-03-11T15:35:55.349+00:00,SOL-USD,coinbase,85.065,85.06,85.07
2026-03-11T15:35:55.534+00:00,ETH-USD,coinbase,2039.755,2039.75,2039.76
2026-03-11T15:35:55.540+00:00,ETH-USD,coinbase,2039.755,2039.75,2039.76
2026-03-11T15:35:55.572+00:00,BTC-USD,coinbase,70000.055,70000.05,70000.06
2026-03-11T15:35:55.598+00:00,SOL-USD,coinbase,85.065,85.06,85.07
2026-03-11T15:35:55.696+00:00,BTC-USD,coinbase,70000.055,70000.05,70000.06
2026-03-11T15:35:55.790+00:00,ETH-USD,coinbase,2039.755,2039.75,2039.76
2026-03-11T15:35:55.821+00:00,BTC-USD,coinbase,70000.34,70000.1,70000.58
2026-03-11T15:35:55.850+00:00,SOL-USD,coinbase,85.065,85.06,85.07
2026-03-11T15:35:55.947+00:00,BTC-USD,coinbase,70000.34,70000.1,70000.58
2026-03-11T15:35:56.035+00:00,ETH-USD,coinbase,2039.755,2039.75,2039.76
2026-03-11T15:35:56.071+00:00,BTC-USD,coinbase,70000.08,70000.05,70000.11
2026-03-11T15:35:56.104+00:00,SOL-USD,coinbase,85.06,85.05,85.07
2026-03-11T15:35:56.323+00:00,BTC-USD,coinbase,70000.055,70000.05,70000.06
2026-03-11T15:35:56.350+00:00,SOL-USD,coinbase,85.065,85.06,85.07
2026-03-11T15:35:56.448+00:00,BTC-USD,coinbase,70000.055,70000.05,70000.06
2026-03-11T15:35:56.536+00:00,ETH-USD,coinbase,2039.755,2039.75,2039.76
2026-03-11T15:35:56.537+00:00,SOL-USD,coinbase,85.065,85.06,85.07
2026-03-11T15:35:56.575+00:00,BTC-USD,coinbase,70002.005,70002.0,70002.01
2026-03-11T15:35:56.601+00:00,SOL-USD,coinbase,85.065,85.06,85.07
2026-03-11T15:35:56.699+00:00,BTC-USD,coinbase,70002.005,70002.0,70002.01
2026-03-11T15:35:56.840+00:00,ETH-USD,coinbase,2039.755,2039.75,2039.76
2026-03-11T15:35:56.840+00:00,BTC-USD,coinbase,69996.805,69996.8,69996.81
2026-03-11T15:35:56.850+00:00,SOL-USD,coinbase,85.055,85.05,85.06
2026-03-11T15:35:56.953+00:00,BTC-USD,coinbase,69996.805,69996.8,69996.81
2026-03-11T15:35:57.032+00:00,ETH-USD,coinbase,2039.755,2039.75,2039.76
2026-03-11T15:35:57.070+00:00,BTC-USD,coinbase,69996.805,69996.8,69996.81
2026-03-11T15:35:57.099+00:00,SOL-USD,coinbase,85.055,85.05,85.06
2026-03-11T15:35:57.195+00:00,BTC-USD,coinbase,69996.805,69996.8,69996.81
2026-03-11T15:35:57.361+00:00,ETH-USD,coinbase,2039.755,2039.75,2039.76
2026-03-11T15:35:57.361+00:00,BTC-USD,coinbase,69996.805,69996.8,69996.81
2026-03-11T15:35:57.361+00:00,SOL-USD,coinbase,85.065,85.06,85.07
2026-03-11T15:35:57.572+00:00,BTC-USD,coinbase,69996.805,69996.8,69996.81
2026-03-11T15:35:57.600+00:00,SOL-USD,coinbase,85.065,85.06,85.07
2026-03-11T15:35:57.784+00:00,ETH-USD,coinbase,2039.755,2039.75,2039.76
2026-03-11T15:35:57.886+00:00,BTC-USD,coinbase,69996.805,69996.8,69996.81
2026-03-11T15:35:57.886+00:00,SOL-USD,coinbase,85.06,85.05,85.07
2026-03-11T15:35:58.033+00:00,ETH-USD,coinbase,2039.755,2039.75,2039.76
2026-03-11T15:35:58.072+00:00,BTC-USD,coinbase,69996.805,69996.8,69996.81
2026-03-11T15:35:58.103+00:00,SOL-USD,coinbase,85.055,85.05,85.06
2026-03-11T15:35:58.203+00:00,SOL-USD,kraken,85.055,85.05,85.06
2026-03-11T15:35:58.212+00:00,ETH-USD,kraken,2039.71,2039.54,2039.88
2026-03-11T15:35:58.222+00:00,SOL-USD,kraken,85.055,85.05,85.06
2026-03-11T15:35:58.284+00:00,ETH-USD,coinbase,2039.6,2039.57,2039.63
2026-03-11T15:35:58.322+00:00,BTC-USD,coinbase,69996.815,69996.81,69996.82
2026-03-11T15:35:58.414+00:00,SOL-USD,coinbase,85.065,85.06,85.07
2026-03-11T15:35:58.443+00:00,BTC-USD,coinbase,69996.815,69996.81,69996.82
2026-03-11T15:35:58.498+00:00,SOL-USD,kraken,85.06,85.05,85.07
2026-03-11T15:35:58.498+00:00,SOL-USD,kraken,85.06,85.05,85.07
2026-03-11T15:35:58.498+00:00,SOL-USD,kraken,85.06,85.05,85.07
2026-03-11T15:35:58.499+00:00,SOL-USD,kraken,85.08,85.06,85.1
2026-03-11T15:35:58.527+00:00,SOL-USD,kraken,85.085,85.07,85.1
2026-03-11T15:35:58.528+00:00,ETH-USD,coinbase,2039.6,2039.57,2039.63
2026-03-11T15:35:58.534+00:00,ETH-USD,coinbase,2039.9450000000002,2039.94,2039.95
2026-03-11T15:35:58.576+00:00,BTC-USD,coinbase,70004.405,70004.4,70004.41
2026-03-11T15:35:58.600+00:00,SOL-USD,coinbase,85.10499999999999,85.1,85.11
2026-03-11T15:35:58.698+00:00,BTC-USD,coinbase,70004.405,70004.4,70004.41
2026-03-11T15:35:58.774+00:00,SOL-USD,coinbase,85.10499999999999,85.1,85.11
2026-03-11T15:35:58.786+00:00,ETH-USD,coinbase,2039.6799999999998,2039.61,2039.75
2026-03-11T15:35:58.789+00:00,ETH-USD,coinbase,2039.6799999999998,2039.61,2039.75
2026-03-11T15:35:58.822+00:00,BTC-USD,coinbase,70004.16500000001,70004.16,70004.17
2026-03-11T15:35:58.929+00:00,SOL-USD,coinbase,85.095,85.09,85.1
2026-03-11T15:35:59.016+00:00,SOL-USD,coinbase,85.095,85.09,85.1
2026-03-11T15:35:59.033+00:00,ETH-USD,coinbase,2039.74,2039.71,2039.77
2026-03-11T15:35:59.046+00:00,ETH-USD,coinbase,2039.74,2039.71,2039.77
2026-03-11T15:35:59.076+00:00,BTC-USD,coinbase,70004.16500000001,70004.16,70004.17
2026-03-11T15:35:59.100+00:00,SOL-USD,coinbase,85.095,85.09,85.1
2026-03-11T15:35:59.265+00:00,SOL-USD,coinbase,85.095,85.09,85.1
2026-03-11T15:35:59.461+00:00,ETH-USD,coinbase,2039.845,2039.79,2039.9
2026-03-11T15:35:59.462+00:00,BTC-USD,coinbase,70004.16500000001,70004.16,70004.17
2026-03-11T15:35:59.462+00:00,SOL-USD,coinbase,85.095,85.09,85.1
2026-03-11T15:35:59.462+00:00,BTC-USD,coinbase,70004.16500000001,70004.16,70004.17
2026-03-11T15:35:59.533+00:00,ETH-USD,coinbase,2039.9850000000001,2039.98,2039.99
2026-03-11T15:35:59.572+00:00,BTC-USD,coinbase,70006.39499999999,70006.39,70006.4
2026-03-11T15:35:59.600+00:00,SOL-USD,coinbase,85.10499999999999,85.1,85.11
2026-03-11T15:35:59.694+00:00,BTC-USD,coinbase,70006.39499999999,70006.39,70006.4
2026-03-11T15:35:59.805+00:00,ETH-USD,coinbase,2039.9850000000001,2039.98,2039.99
2026-03-11T15:35:59.805+00:00,ETH-USD,coinbase,2039.9850000000001,2039.98,2039.99
2026-03-11T15:36:00.286+00:00,ETH-USD,coinbase,2040.1550000000002,2040.15,2040.16
2026-03-11T15:36:00.510+00:00,BTC-USD,coinbase,70012.795,70012.79,70012.8
2026-03-11T15:36:00.511+00:00,SOL-USD,coinbase,85.11500000000001,85.11,85.12
2026-03-11T15:36:00.511+00:00,BTC-USD,coinbase,70012.795,70012.79,70012.8
2026-03-11T15:36:00.539+00:00,ETH-USD,coinbase,2040.2350000000001,2040.23,2040.24
2026-03-11T15:36:00.545+00:00,ETH-USD,coinbase,2040.2350000000001,2040.23,2040.24
2026-03-11T15:36:00.594+00:00,BTC-USD,coinbase,70015.995,70015.99,70016.0
2026-03-11T15:36:00.600+00:00,SOL-USD,coinbase,85.125,85.12,85.13
2026-03-11T15:36:00.705+00:00,BTC-USD,coinbase,70015.995,70015.99,70016.0
2026-03-11T15:36:00.771+00:00,ETH-USD,coinbase,2040.2350000000001,2040.23,2040.24
2026-03-11T15:36:00.791+00:00,ETH-USD,coinbase,2040.53,2040.51,2040.55
2026-03-11T15:36:00.821+00:00,BTC-USD,coinbase,70015.995,70015.99,70016.0
2026-03-11T15:36:01.039+00:00,SOL-USD,coinbase,85.125,85.12,85.13
2026-03-11T15:36:01.039+00:00,ETH-USD,coinbase,2040.53,2040.51,2040.55
2026-03-11T15:36:01.039+00:00,ETH-USD,coinbase,2040.5149999999999,2040.51,2040.52
2026-03-11T15:36:01.039+00:00,SOL-USD,coinbase,85.125,85.12,85.13
2026-03-11T15:36:01.072+00:00,BTC-USD,coinbase,70015.995,70015.99,70016.0
2026-03-11T15:36:01.115+00:00,SOL-USD,coinbase,85.11500000000001,85.11,85.12
2026-03-11T15:36:01.193+00:00,BTC-USD,coinbase,70015.995,70015.99,70016.0
2026-03-11T15:36:01.279+00:00,SOL-USD,coinbase,85.11500000000001,85.11,85.12
2026-03-11T15:36:01.284+00:00,ETH-USD,coinbase,2040.5549999999998,2040.55,2040.56
2026-03-11T15:36:01.328+00:00,BTC-USD,coinbase,70015.995,70015.99,70016.0
2026-03-11T15:36:01.395+00:00,SOL-USD,kraken,85.1,85.09,85.11
2026-03-11T15:36:01.556+00:00,SOL-USD,coinbase,85.11500000000001,85.11,85.12
2026-03-11T15:36:01.556+00:00,ETH-USD,coinbase,2040.5,2040.47,2040.53
2026-03-11T15:36:01.599+00:00,BTC-USD,coinbase,70015.995,70015.99,70016.0
2026-03-11T15:36:01.607+00:00,SOL-USD,coinbase,85.10499999999999,85.1,85.11
2026-03-11T15:36:01.799+00:00,ETH-USD,coinbase,2040.5,2040.47,2040.53
2026-03-11T15:36:01.800+00:00,ETH-USD,coinbase,2040.5149999999999,2040.51,2040.52
2026-03-11T15:36:01.822+00:00,BTC-USD,coinbase,70015.995,70015.99,70016.0
2026-03-11T15:36:01.852+00:00,SOL-USD,coinbase,85.095,85.09,85.1
2026-03-11T15:36:02.089+00:00,SOL-USD,coinbase,85.095,85.09,85.1
2026-03-11T15:36:02.089+00:00,ETH-USD,coinbase,2040.395,2040.39,2040.4
2026-03-11T15:36:02.089+00:00,ETH-USD,coinbase,2040.395,2040.39,2040.4
2026-03-11T15:36:02.090+00:00,BTC-USD,coinbase,70015.995,70015.99,70016.0
2026-03-11T15:36:02.108+00:00,SOL-USD,coinbase,85.095,85.09,85.1
2026-03-11T15:36:02.137+00:00,ETH-USD,kraken,2040.635,2040.37,2040.9
2026-03-11T15:36:02.289+00:00,ETH-USD,coinbase,2040.395,2040.39,2040.4
2026-03-11T15:36:02.383+00:00,SOL-USD,coinbase,85.095,85.09,85.1
2026-03-11T15:36:02.605+00:00,SOL-USD,coinbase,85.095,85.09,85.1
2026-03-11T15:36:02.605+00:00,ETH-USD,coinbase,2040.395,2040.39,2040.4
2026-03-11T15:36:02.606+00:00,BTC-USD,coinbase,70015.995,70015.99,70016.0
2026-03-11T15:36:02.606+00:00,SOL-USD,coinbase,85.095,85.09,85.1
2026-03-11T15:36:02.773+00:00,SOL-USD,kraken,85.095,85.09,85.1
2026-03-11T15:36:02.788+00:00,ETH-USD,coinbase,2040.5549999999998,2040.55,2040.56
2026-03-11T15:36:02.823+00:00,BTC-USD,coinbase,70019.195,70019.19,70019.2
2026-03-11T15:36:02.852+00:00,SOL-USD,coinbase,85.10499999999999,85.1,85.11
2026-03-11T15:36:02.944+00:00,BTC-USD,coinbase,70019.195,70019.19,70019.2
2026-03-11T15:36:03.038+00:00,ETH-USD,coinbase,2040.875,2040.87,2040.88
2026-03-11T15:36:03.127+00:00,BTC-USD,coinbase,70034.995,70034.99,70035.0
2026-03-11T15:36:03.128+00:00,SOL-USD,coinbase,85.11500000000001,85.11,85.12
2026-03-11T15:36:03.195+00:00,BTC-USD,coinbase,70034.995,70034.99,70035.0
2026-03-11T15:36:03.289+00:00,ETH-USD,coinbase,2040.875,2040.87,2040.88
2026-03-11T15:36:03.290+00:00,ETH-USD,coinbase,2041.0349999999999,2041.03,2041.04
2026-03-11T15:36:03.300+00:00,SOL-USD,coinbase,85.11500000000001,85.11,85.12
2026-03-11T15:36:03.329+00:00,BTC-USD,coinbase,70041.595,70041.59,70041.6
2026-03-11T15:36:03.355+00:00,SOL-USD,coinbase,85.13499999999999,85.13,85.14
2026-03-11T15:36:03.448+00:00,BTC-USD,coinbase,70041.595,70041.59,70041.6
2026-03-11T15:36:03.535+00:00,ETH-USD,coinbase,2041.1149999999998,2041.11,2041.12
2026-03-11T15:36:03.656+00:00,BTC-USD,coinbase,70044.795,70044.79,70044.8
2026-03-11T15:36:03.657+00:00,SOL-USD,coinbase,85.13499999999999,85.13,85.14
2026-03-11T15:36:03.699+00:00,BTC-USD,coinbase,70044.795,70044.79,70044.8
2026-03-11T15:36:03.781+00:00,ETH-USD,coinbase,2041.1149999999998,2041.11,2041.12
2026-03-11T15:36:03.788+00:00,ETH-USD,coinbase,2041.12,2041.1,2041.14
2026-03-11T15:36:03.823+00:00,BTC-USD,coinbase,70044.795,70044.79,70044.8
2026-03-11T15:36:03.859+00:00,SOL-USD,coinbase,85.10499999999999,85.1,85.11
2026-03-11T15:36:03.949+00:00,BTC-USD,coinbase,70044.795,70044.79,70044.8
2026-03-11T15:36:03.951+00:00,SOL-USD,kraken,85.1,85.08,85.12
2026-03-11T15:36:04.027+00:00,SOL-USD,coinbase,85.10499999999999,85.1,85.11
2026-03-11T15:36:04.036+00:00,ETH-USD,coinbase,2040.56,2040.54,2040.58
2026-03-11T15:36:04.087+00:00,BTC-USD,coinbase,70025.195,70024.0,70026.39
2026-03-11T15:36:04.179+00:00,SOL-USD,coinbase,85.07499999999999,85.07,85.08
2026-03-11T15:36:04.199+00:00,BTC-USD,coinbase,70025.195,70024.0,70026.39
2026-03-11T15:36:04.284+00:00,ETH-USD,coinbase,2040.525,2040.48,2040.57
2026-03-11T15:36:04.297+00:00,ETH-USD,coinbase,2040.525,2040.48,2040.57
2026-03-11T15:36:04.355+00:00,SOL-USD,coinbase,85.07499999999999,85.07,85.08
2026-03-11T15:36:04.538+00:00,ETH-USD,coinbase,2040.795,2040.79,2040.8
2026-03-11T15:36:04.579+00:00,BTC-USD,coinbase,70036.305,70036.3,70036.31
2026-03-11T15:36:04.605+00:00,SOL-USD,coinbase,85.08500000000001,85.08,85.09
2026-03-11T15:36:04.751+00:00,SOL-USD,coinbase,85.08500000000001,85.08,85.09
2026-03-11T15:36:04.789+00:00,ETH-USD,coinbase,2040.835,2040.79,2040.88
2026-03-11T15:36:04.821+00:00,BTC-USD,coinbase,70036.305,70036.3,70036.31
2026-03-11T15:36:04.855+00:00,SOL-USD,coinbase,85.08500000000001,85.08,85.09
2026-03-11T15:36:05.034+00:00,ETH-USD,coinbase,2040.875,2040.87,2040.88
2026-03-11T15:36:05.103+00:00,SOL-USD,coinbase,85.095,85.09,85.1
2026-03-11T15:36:05.227+00:00,BTC-USD,coinbase,70036.305,70036.3,70036.31
2026-03-11T15:36:05.289+00:00,BTC-USD,coinbase,70040.91500000001,70040.91,70040.92
2026-03-11T15:36:05.294+00:00,SOL-USD,coinbase,85.095,85.09,85.1
2026-03-11T15:36:05.295+00:00,ETH-USD,coinbase,2040.875,2040.87,2040.88
2026-03-11T15:36:05.295+00:00,ETH-USD,coinbase,2041.5149999999999,2041.51,2041.52
2026-03-11T15:36:05.354+00:00,SOL-USD,coinbase,85.11500000000001,85.11,85.12
2026-03-11T15:36:05.409+00:00,BTC-USD,coinbase,70046.2,70045.43,70046.97
2026-03-11T15:36:05.449+00:00,BTC-USD,coinbase,70046.2,70045.43,70046.97
2026-03-11T15:36:05.539+00:00,ETH-USD,coinbase,2041.77,2041.72,2041.82
2026-03-11T15:36:05.540+00:00,ETH-USD,coinbase,2041.77,2041.72,2041.82
2026-03-11T15:36:05.549+00:00,SOL-USD,coinbase,85.11500000000001,85.11,85.12
2026-03-11T15:36:05.585+00:00,ETH-USD,kraken,2041.405,2040.99,2041.82
2026-03-11T15:36:05.601+00:00,SOL-USD,coinbase,85.13499999999999,85.13,85.14
2026-03-11T15:36:05.794+00:00,ETH-USD,coinbase,2041.77,2041.72,2041.82
2026-03-11T15:36:05.853+00:00,SOL-USD,coinbase,85.14500000000001,85.14,85.15
2026-03-11T15:36:05.853+00:00,ETH-USD,coinbase,2041.81,2041.74,2041.88
2026-03-11T15:36:05.860+00:00,BTC-USD,coinbase,70057.595,70057.59,70057.6
2026-03-11T15:36:05.909+00:00,BTC-USD,coinbase,70057.595,70057.59,70057.6
2026-03-11T15:36:05.940+00:00,BTC-USD,coinbase,70057.595,70057.59,70057.6
2026-03-11T15:36:06.049+00:00,SOL-USD,coinbase,85.14500000000001,85.14,85.15
2026-03-11T15:36:06.061+00:00,ETH-USD,coinbase,2041.8449999999998,2041.83,2041.86
2026-03-11T15:36:06.079+00:00,BTC-USD,coinbase,70063.995,70063.99,70064.0
2026-03-11T15:36:06.107+00:00,SOL-USD,coinbase,85.15,85.14,85.16
2026-03-11T15:36:06.304+00:00,SOL-USD,coinbase,85.15,85.14,85.16
2026-03-11T15:36:06.321+00:00,ETH-USD,coinbase,2041.875,2041.87,2041.88
2026-03-11T15:36:06.329+00:00,BTC-USD,coinbase,70061.995,70061.99,70062.0
2026-03-11T15:36:06.355+00:00,SOL-USD,coinbase,85.13499999999999,85.13,85.14
2026-03-11T15:36:06.459+00:00,BTC-USD,coinbase,70061.995,70061.99,70062.0
2026-03-11T15:36:06.527+00:00,SOL-USD,coinbase,85.13499999999999,85.13,85.14
2026-03-11T15:36:06.536+00:00,ETH-USD,coinbase,2041.44,2041.42,2041.46
2026-03-11T15:36:06.546+00:00,ETH-USD,coinbase,2041.44,2041.42,2041.46
2026-03-11T15:36:06.576+00:00,BTC-USD,coinbase,70062.005,70062.0,70062.01
2026-03-11T15:36:06.601+00:00,SOL-USD,coinbase,85.125,85.12,85.13
2026-03-11T15:36:06.710+00:00,BTC-USD,coinbase,70062.005,70062.0,70062.01
2026-03-11T15:36:06.805+00:00,ETH-USD,coinbase,2041.2849999999999,2041.28,2041.29
2026-03-11T15:36:06.805+00:00,ETH-USD,coinbase,2041.2849999999999,2041.28,2041.29
2026-03-11T15:36:06.824+00:00,BTC-USD,coinbase,70057.78,70056.01,70059.55
2026-03-11T15:36:06.858+00:00,SOL-USD,coinbase,85.125,85.12,85.13
2026-03-11T15:36:07.035+00:00,ETH-USD,coinbase,2041.205,2041.2,2041.21
2026-03-11T15:36:07.036+00:00,ETH-USD,coinbase,2041.205,2041.2,2041.21
2026-03-11T15:36:07.075+00:00,BTC-USD,coinbase,70049.005,70048.0,70050.01
2026-03-11T15:36:07.105+00:00,SOL-USD,coinbase,85.125,85.12,85.13
2026-03-11T15:36:07.184+00:00,BTC-USD,coinbase,70049.005,70048.0,70050.01
2026-03-11T15:36:07.327+00:00,ETH-USD,coinbase,2041.205,2041.2,2041.21
2026-03-11T15:36:07.327+00:00,ETH-USD,coinbase,2041.0549999999998,2041.01,2041.1
2026-03-11T15:36:07.352+00:00,SOL-USD,coinbase,85.125,85.12,85.13
2026-03-11T15:36:07.535+00:00,ETH-USD,coinbase,2041.385,2041.33,2041.44
2026-03-11T15:36:07.582+00:00,BTC-USD,coinbase,70057.775,70057.77,70057.78
2026-03-11T15:36:07.603+00:00,SOL-USD,coinbase,85.14,85.13,85.15
2026-03-11T15:36:07.684+00:00,BTC-USD,coinbase,70057.775,70057.77,70057.78
2026-03-11T15:36:07.758+00:00,SOL-USD,coinbase,85.14,85.13,85.15
2026-03-11T15:36:07.850+00:00,ETH-USD,coinbase,2041.435,2041.43,2041.44
2026-03-11T15:36:07.850+00:00,BTC-USD,coinbase,70062.005,70062.0,70062.01
2026-03-11T15:36:07.851+00:00,SOL-USD,coinbase,85.13499999999999,85.13,85.14
2026-03-11T15:36:07.929+00:00,BTC-USD,coinbase,70062.005,70062.0,70062.01
2026-03-11T15:36:08.033+00:00,ETH-USD,coinbase,2041.49,2041.47,2041.51
2026-03-11T15:36:08.037+00:00,ETH-USD,coinbase,2041.49,2041.47,2041.51
2026-03-11T15:36:08.075+00:00,BTC-USD,coinbase,70063.07500000001,70063.07,70063.08
2026-03-11T15:36:08.109+00:00,SOL-USD,coinbase,85.13499999999999,85.13,85.14
2026-03-11T15:36:08.375+00:00,SOL-USD,coinbase,85.14500000000001,85.14,85.15
2026-03-11T15:36:08.448+00:00,BTC-USD,coinbase,70063.07500000001,70063.07,70063.08
2026-03-11T15:36:08.539+00:00,ETH-USD,coinbase,2041.7649999999999,2041.76,2041.77
2026-03-11T15:36:08.579+00:00,BTC-USD,coinbase,70067.195,70067.19,70067.2
2026-03-11T15:36:08.586+00:00,ETH-USD,kraken,2041.765,2041.65,2041.88
2026-03-11T15:36:08.603+00:00,SOL-USD,coinbase,85.14500000000001,85.14,85.15
2026-03-11T15:36:08.737+00:00,BTC-USD,coinbase,70067.195,70067.19,70067.2
2026-03-11T15:36:08.756+00:00,ETH-USD,coinbase,2041.7649999999999,2041.76,2041.77
2026-03-11T15:36:08.785+00:00,ETH-USD,coinbase,2041.4450000000002,2041.44,2041.45
2026-03-11T15:36:08.897+00:00,BTC-USD,coinbase,70062.005,70062.0,70062.01
2026-03-11T15:36:08.897+00:00,SOL-USD,coinbase,85.125,85.12,85.13
2026-03-11T15:36:08.944+00:00,BTC-USD,coinbase,70062.005,70062.0,70062.01
2026-03-11T15:36:09.034+00:00,ETH-USD,coinbase,2041.5949999999998,2041.59,2041.6
2026-03-11T15:36:09.078+00:00,BTC-USD,coinbase,70067.195,70067.19,70067.2
2026-03-11T15:36:09.102+00:00,SOL-USD,coinbase,85.14500000000001,85.14,85.15
2026-03-11T15:36:09.195+00:00,BTC-USD,coinbase,70067.195,70067.19,70067.2
2026-03-11T15:36:09.268+00:00,SOL-USD,coinbase,85.14500000000001,85.14,85.15
2026-03-11T15:36:09.287+00:00,ETH-USD,coinbase,2041.5949999999998,2041.59,2041.6
2026-03-11T15:36:09.320+00:00,BTC-USD,coinbase,70067.195,70067.19,70067.2
2026-03-11T15:36:09.420+00:00,SOL-USD,coinbase,85.14500000000001,85.14,85.15
2026-03-11T15:36:09.536+00:00,ETH-USD,coinbase,2041.6750000000002,2041.67,2041.68
2026-03-11T15:36:09.574+00:00,BTC-USD,coinbase,70067.195,70067.19,70067.2
2026-03-11T15:36:09.600+00:00,SOL-USD,coinbase,85.14500000000001,85.14,85.15
2026-03-11T15:36:09.695+00:00,BTC-USD,coinbase,70067.195,70067.19,70067.2
2026-03-11T15:36:09.785+00:00,ETH-USD,coinbase,2041.6750000000002,2041.67,2041.68
2026-03-11T15:36:09.803+00:00,ETH-USD,coinbase,2041.6750000000002,2041.67,2041.68
2026-03-11T15:36:09.822+00:00,BTC-USD,coinbase,70067.195,70067.19,70067.2
2026-03-11T15:36:09.851+00:00,SOL-USD,coinbase,85.14,85.13,85.15
2026-03-11T15:36:10.036+00:00,ETH-USD,coinbase,2041.605,2041.6,2041.61
2026-03-11T15:36:10.073+00:00,BTC-USD,coinbase,70067.195,70067.19,70067.2
2026-03-11T15:36:10.104+00:00,SOL-USD,coinbase,85.13499999999999,85.13,85.14
2026-03-11T15:36:10.288+00:00,ETH-USD,coinbase,2041.6350000000002,2041.63,2041.64
2026-03-11T15:36:10.356+00:00,SOL-USD,coinbase,85.13499999999999,85.13,85.14
2026-03-11T15:36:10.542+00:00,ETH-USD,coinbase,2041.7649999999999,2041.76,2041.77
2026-03-11T15:36:10.579+00:00,BTC-USD,coinbase,70070.39499999999,70070.39,70070.4
2026-03-11T15:36:10.600+00:00,SOL-USD,coinbase,85.155,85.15,85.16
2026-03-11T15:36:10.684+00:00,BTC-USD,coinbase,70070.39499999999,70070.39,70070.4
2026-03-11T15:36:10.747+00:00,SOL-USD,coinbase,85.155,85.15,85.16
2026-03-11T15:36:10.793+00:00,ETH-USD,coinbase,2041.835,2041.83,2041.84
2026-03-11T15:36:10.803+00:00,ETH-USD,coinbase,2041.835,2041.83,2041.84
2026-03-11T15:36:10.833+00:00,BTC-USD,coinbase,70086.39499999999,70086.39,70086.4
2026-03-11T15:36:10.858+00:00,SOL-USD,coinbase,85.155,85.15,85.16
2026-03-11T15:36:10.993+00:00,BTC-USD,coinbase,70086.39499999999,70086.39,70086.4
2026-03-11T15:36:11.029+00:00,SOL-USD,coinbase,85.155,85.15,85.16
2026-03-11T15:36:11.081+00:00,BTC-USD,coinbase,70089.595,70089.59,70089.6
2026-03-11T15:36:11.105+00:00,ETH-USD,coinbase,2042.47,2042.46,2042.48
2026-03-11T15:36:11.105+00:00,ETH-USD,coinbase,2042.47,2042.46,2042.48
2026-03-11T15:36:11.105+00:00,SOL-USD,coinbase,85.17500000000001,85.17,85.18
2026-03-11T15:36:11.197+00:00,BTC-USD,coinbase,70089.595,70089.59,70089.6
2026-03-11T15:36:11.294+00:00,ETH-USD,coinbase,2042.31,2042.3,2042.32
2026-03-11T15:36:11.309+00:00,ETH-USD,coinbase,2042.31,2042.3,2042.32
2026-03-11T15:36:11.339+00:00,BTC-USD,coinbase,70090.60500000001,70090.6,70090.61
2026-03-11T15:36:11.354+00:00,SOL-USD,coinbase,85.17500000000001,85.17,85.18
2026-03-11T15:36:11.434+00:00,BTC-USD,coinbase,70090.60500000001,70090.6,70090.61
2026-03-11T15:36:11.533+00:00,ETH-USD,coinbase,2042.38,2042.34,2042.42
2026-03-11T15:36:11.574+00:00,BTC-USD,coinbase,70095.10500000001,70095.1,70095.11
2026-03-11T15:36:11.787+00:00,ETH-USD,coinbase,2042.15,2042.1,2042.2
2026-03-11T15:36:11.823+00:00,BTC-USD,coinbase,70087.275,70086.4,70088.15
2026-03-11T15:36:11.855+00:00,SOL-USD,coinbase,85.155,85.15,85.16
2026-03-11T15:36:11.947+00:00,BTC-USD,coinbase,70087.275,70086.4,70088.15
2026-03-11T15:36:12.043+00:00,ETH-USD,coinbase,2041.98,2041.91,2042.05
2026-03-11T15:36:12.080+00:00,BTC-USD,coinbase,70088.015,70088.01,70088.02
2026-03-11T15:36:12.106+00:00,SOL-USD,coinbase,85.155,85.15,85.16
2026-03-11T15:36:12.187+00:00,BTC-USD,coinbase,70088.015,70088.01,70088.02
2026-03-11T15:36:12.274+00:00,SOL-USD,coinbase,85.155,85.15,85.16
2026-03-11T15:36:12.289+00:00,ETH-USD,coinbase,2041.975,2041.93,2042.02
2026-03-11T15:36:12.319+00:00,BTC-USD,coinbase,70088.015,70088.01,70088.02
2026-03-11T15:36:12.358+00:00,SOL-USD,coinbase,85.155,85.15,85.16
2026-03-11T15:36:12.450+00:00,BTC-USD,coinbase,70088.015,70088.01,70088.02
2026-03-11T15:36:12.569+00:00,ETH-USD,coinbase,2041.78,2041.77,2041.79
2026-03-11T15:36:12.576+00:00,BTC-USD,coinbase,70082.095,70082.09,70082.1
2026-03-11T15:36:12.601+00:00,SOL-USD,coinbase,85.155,85.15,85.16
2026-03-11T15:36:12.684+00:00,BTC-USD,coinbase,70082.095,70082.09,70082.1
2026-03-11T15:36:12.785+00:00,ETH-USD,coinbase,2041.78,2041.77,2041.79
2026-03-11T15:36:12.786+00:00,ETH-USD,coinbase,2042.0549999999998,2042.03,2042.08
2026-03-11T15:36:12.827+00:00,BTC-USD,coinbase,70092.055,70092.05,70092.06
2026-03-11T15:36:12.858+00:00,SOL-USD,coinbase,85.155,85.15,85.16
2026-03-11T15:36:12.941+00:00,BTC-USD,coinbase,70092.055,70092.05,70092.06
2026-03-11T15:36:13.094+00:00,ETH-USD,coinbase,2042.05,2042.01,2042.09
2026-03-11T15:36:13.094+00:00,ETH-USD,coinbase,2042.05,2042.01,2042.09
2026-03-11T15:36:13.095+00:00,BTC-USD,coinbase,70092.055,70092.05,70092.06
2026-03-11T15:36:13.100+00:00,SOL-USD,coinbase,85.155,85.15,85.16
2026-03-11T15:36:13.286+00:00,ETH-USD,coinbase,2042.05,2042.0,2042.1
2026-03-11T15:36:13.292+00:00,ETH-USD,coinbase,2042.05,2042.0,2042.1
2026-03-11T15:36:13.322+00:00,BTC-USD,coinbase,70083.205,70083.2,70083.21
2026-03-11T15:36:13.352+00:00,SOL-USD,coinbase,85.13499999999999,85.13,85.14
2026-03-11T15:36:13.449+00:00,BTC-USD,coinbase,70083.205,70083.2,70083.21
2026-03-11T15:36:13.512+00:00,ETH-USD,coinbase,2042.05,2042.0,2042.1
2026-03-11T15:36:13.619+00:00,SOL-USD,coinbase,85.13499999999999,85.13,85.14
2026-03-11T15:36:13.619+00:00,ETH-USD,coinbase,2041.705,2041.7,2041.71
2026-03-11T15:36:13.619+00:00,BTC-USD,coinbase,70077.995,70076.05,70079.94
2026-03-11T15:36:13.619+00:00,SOL-USD,coinbase,85.13499999999999,85.13,85.14
2026-03-11T15:36:13.697+00:00,BTC-USD,coinbase,70077.995,70076.05,70079.94
2026-03-11T15:36:13.782+00:00,SOL-USD,coinbase,85.13499999999999,85.13,85.14
2026-03-11T15:36:13.790+00:00,ETH-USD,coinbase,2041.5949999999998,2041.59,2041.6
2026-03-11T15:36:13.828+00:00,BTC-USD,coinbase,70074.005,70074.0,70074.01
2026-03-11T15:36:13.852+00:00,SOL-USD,coinbase,85.13499999999999,85.13,85.14
2026-03-11T15:36:13.945+00:00,BTC-USD,coinbase,70074.005,70074.0,70074.01
2026-03-11T15:36:14.037+00:00,ETH-USD,coinbase,2041.5949999999998,2041.59,2041.6
2026-03-11T15:36:14.141+00:00,BTC-USD,coinbase,70073.64499999999,70073.64,70073.65
2026-03-11T15:36:14.141+00:00,SOL-USD,coinbase,85.13499999999999,85.13,85.14
2026-03-11T15:36:14.199+00:00,BTC-USD,coinbase,70073.64499999999,70073.64,70073.65
2026-03-11T15:36:14.286+00:00,ETH-USD,coinbase,2041.5949999999998,2041.59,2041.6
2026-03-11T15:36:14.322+00:00,BTC-USD,coinbase,70073.64499999999,70073.64,70073.65
2026-03-11T15:36:14.349+00:00,SOL-USD,coinbase,85.13499999999999,85.13,85.14
2026-03-11T15:36:14.537+00:00,ETH-USD,coinbase,2041.5949999999998,2041.59,2041.6
2026-03-11T15:36:14.576+00:00,BTC-USD,coinbase,70083.11499999999,70083.11,70083.12
2026-03-11T15:36:14.663+00:00,SOL-USD,coinbase,85.13499999999999,85.13,85.14
2026-03-11T15:36:14.693+00:00,BTC-USD,coinbase,70083.11499999999,70083.11,70083.12
2026-03-11T15:36:14.786+00:00,ETH-USD,coinbase,2041.5949999999998,2041.59,2041.6
2026-03-11T15:36:14.821+00:00,BTC-USD,coinbase,70076.60500000001,70076.0,70077.21
2026-03-11T15:36:14.853+00:00,SOL-USD,coinbase,85.13499999999999,85.13,85.14
2026-03-11T15:36:14.931+00:00,BTC-USD,coinbase,70076.60500000001,70076.0,70077.21
2026-03-11T15:36:15.036+00:00,ETH-USD,coinbase,2041.5949999999998,2041.59,2041.6
2026-03-11T15:36:15.075+00:00,BTC-USD,coinbase,70075.735,70075.73,70075.74
2026-03-11T15:36:15.189+00:00,SOL-USD,coinbase,85.13499999999999,85.13,85.14
2026-03-11T15:36:15.190+00:00,BTC-USD,coinbase,70075.735,70075.73,70075.74
2026-03-11T15:36:15.283+00:00,ETH-USD,coinbase,2041.5949999999998,2041.59,2041.6
2026-03-11T15:36:15.321+00:00,BTC-USD,coinbase,70075.735,70075.73,70075.74
2026-03-11T15:36:15.350+00:00,SOL-USD,coinbase,85.13499999999999,85.13,85.14
2026-03-11T15:36:15.538+00:00,ETH-USD,coinbase,2041.5949999999998,2041.59,2041.6
2026-03-11T15:36:15.581+00:00,BTC-USD,coinbase,70071.61499999999,70071.61,70071.62
2026-03-11T15:36:15.600+00:00,SOL-USD,coinbase,85.13499999999999,85.13,85.14
2026-03-11T15:36:15.712+00:00,BTC-USD,coinbase,70071.61499999999,70071.61,70071.62
2026-03-11T15:36:15.784+00:00,ETH-USD,coinbase,2041.5949999999998,2041.59,2041.6
2026-03-11T15:36:15.822+00:00,BTC-USD,coinbase,70071.58499999999,70071.58,70071.59
2026-03-11T15:36:15.934+00:00,BTC-USD,coinbase,70071.58499999999,70071.58,70071.59
2026-03-11T15:36:16.037+00:00,ETH-USD,coinbase,2041.38,2041.36,2041.4
2026-03-11T15:36:16.073+00:00,BTC-USD,coinbase,70073.265,70072.02,70074.51
2026-03-11T15:36:16.105+00:00,SOL-USD,coinbase,85.13499999999999,85.13,85.14
2026-03-11T15:36:16.215+00:00,BTC-USD,coinbase,70073.265,70072.02,70074.51
2026-03-11T15:36:16.284+00:00,ETH-USD,coinbase,2041.425,2041.36,2041.49
2026-03-11T15:36:16.290+00:00,ETH-USD,coinbase,2041.425,2041.36,2041.49
2026-03-11T15:36:16.322+00:00,BTC-USD,coinbase,70069.09,70068.02,70070.16
2026-03-11T15:36:16.351+00:00,SOL-USD,coinbase,85.13499999999999,85.13,85.14
2026-03-11T15:36:16.457+00:00,BTC-USD,coinbase,70069.09,70068.02,70070.16
2026-03-11T15:36:16.522+00:00,SOL-USD,coinbase,85.13499999999999,85.13,85.14
2026-03-11T15:36:16.537+00:00,ETH-USD,coinbase,2041.125,2041.12,2041.13
2026-03-11T15:36:16.545+00:00,ETH-USD,coinbase,2041.125,2041.12,2041.13
2026-03-11T15:36:16.578+00:00,BTC-USD,coinbase,70067.205,70067.2,70067.21
2026-03-11T15:36:16.603+00:00,SOL-USD,coinbase,85.11500000000001,85.11,85.12
2026-03-11T15:36:16.788+00:00,ETH-USD,coinbase,2041.125,2041.12,2041.13
2026-03-11T15:36:16.788+00:00,SOL-USD,coinbase,85.11500000000001,85.11,85.12
2026-03-11T15:36:16.822+00:00,BTC-USD,coinbase,70067.205,70067.2,70067.21
2026-03-11T15:36:16.854+00:00,SOL-USD,coinbase,85.125,85.12,85.13
2026-03-11T15:36:16.948+00:00,BTC-USD,coinbase,70067.205,70067.2,70067.21
2026-03-11T15:36:17.039+00:00,ETH-USD,coinbase,2041.2849999999999,2041.28,2041.29
2026-03-11T15:36:17.043+00:00,ETH-USD,coinbase,2041.2849999999999,2041.28,2041.29
2026-03-11T15:36:17.071+00:00,BTC-USD,coinbase,70067.205,70067.2,70067.21
2026-03-11T15:36:17.099+00:00,SOL-USD,coinbase,85.125,85.12,85.13
2026-03-11T15:36:17.288+00:00,ETH-USD,coinbase,2041.295,2041.29,2041.3
2026-03-11T15:36:17.328+00:00,BTC-USD,coinbase,70070.495,70070.49,70070.5
2026-03-11T15:36:17.351+00:00,SOL-USD,coinbase,85.125,85.12,85.13
2026-03-11T15:36:17.538+00:00,SOL-USD,coinbase,85.125,85.12,85.13
2026-03-11T15:36:17.539+00:00,ETH-USD,coinbase,2041.3200000000002,2041.26,2041.38
2026-03-11T15:36:17.574+00:00,BTC-USD,coinbase,70072.095,70072.09,70072.1
2026-03-11T15:36:17.602+00:00,SOL-USD,coinbase,85.125,85.12,85.13
2026-03-11T15:36:17.643+00:00,SOL-USD,kraken,85.125,85.12,85.13
2026-03-11T15:36:17.687+00:00,BTC-USD,coinbase,70072.095,70072.09,70072.1
2026-03-11T15:36:17.810+00:00,ETH-USD,coinbase,2041.255,2041.22,2041.29
2026-03-11T15:36:17.811+00:00,ETH-USD,coinbase,2041.255,2041.22,2041.29
2026-03-11T15:36:17.819+00:00,BTC-USD,coinbase,70070.595,70070.06,70071.13
2026-03-11T15:36:17.856+00:00,SOL-USD,coinbase,85.125,85.12,85.13
2026-03-11T15:36:17.925+00:00,BTC-USD,coinbase,70070.595,70070.06,70071.13
2026-03-11T15:36:18.034+00:00,ETH-USD,coinbase,2041.2150000000001,2041.21,2041.22
2026-03-11T15:36:18.073+00:00,BTC-USD,coinbase,70071.31,70070.07,70072.55
2026-03-11T15:36:18.101+00:00,SOL-USD,coinbase,85.125,85.12,85.13
2026-03-11T15:36:18.193+00:00,BTC-USD,coinbase,70071.31,70070.07,70072.55
2026-03-11T15:36:18.333+00:00,ETH-USD,coinbase,2041.2150000000001,2041.21,2041.22
2026-03-11T15:36:18.333+00:00,ETH-USD,coinbase,2041.2150000000001,2041.21,2041.22
2026-03-11T15:36:18.334+00:00,BTC-USD,coinbase,70071.63500000001,70071.63,70071.64
2026-03-11T15:36:18.356+00:00,SOL-USD,coinbase,85.125,85.12,85.13
2026-03-11T15:36:18.441+00:00,BTC-USD,coinbase,70071.63500000001,70071.63,70071.64
2026-03-11T15:36:18.537+00:00,ETH-USD,coinbase,2041.22,2041.21,2041.23
2026-03-11T15:36:18.541+00:00,ETH-USD,coinbase,2041.22,2041.21,2041.23
2026-03-11T15:36:18.575+00:00,BTC-USD,coinbase,70070.055,70070.05,70070.06
2026-03-11T15:36:18.603+00:00,SOL-USD,coinbase,85.125,85.12,85.13
2026-03-11T15:36:18.859+00:00,ETH-USD,coinbase,2041.2150000000001,2041.21,2041.22
2026-03-11T15:36:18.859+00:00,BTC-USD,coinbase,70070.055,70070.05,70070.06
2026-03-11T15:36:18.859+00:00,SOL-USD,coinbase,85.125,85.12,85.13
2026-03-11T15:36:18.933+00:00,BTC-USD,coinbase,70070.055,70070.05,70070.06
2026-03-11T15:36:19.037+00:00,ETH-USD,coinbase,2041.2150000000001,2041.21,2041.22
2026-03-11T15:36:19.071+00:00,BTC-USD,coinbase,70070.055,70070.05,70070.06
2026-03-11T15:36:19.106+00:00,SOL-USD,coinbase,85.125,85.12,85.13
2026-03-11T15:36:19.286+00:00,ETH-USD,coinbase,2041.2150000000001,2041.21,2041.22
2026-03-11T15:36:19.383+00:00,BTC-USD,coinbase,70070.055,70070.05,70070.06
2026-03-11T15:36:19.383+00:00,SOL-USD,coinbase,85.125,85.12,85.13
2026-03-11T15:36:19.384+00:00,ETH-USD,kraken,2041.26,2041.12,2041.4
2026-03-11T15:36:19.538+00:00,ETH-USD,coinbase,2041.2150000000001,2041.21,2041.22
2026-03-11T15:36:19.578+00:00,BTC-USD,coinbase,70075.4,70075.02,70075.78
2026-03-11T15:36:19.602+00:00,SOL-USD,coinbase,85.125,85.12,85.13
2026-03-11T15:36:19.694+00:00,BTC-USD,coinbase,70075.4,70075.02,70075.78
2026-03-11T15:36:19.784+00:00,ETH-USD,coinbase,2041.2150000000001,2041.21,2041.22
2026-03-11T15:36:19.805+00:00,ETH-USD,coinbase,2041.2150000000001,2041.21,2041.22
2026-03-11T15:36:19.905+00:00,BTC-USD,coinbase,70070.055,70070.05,70070.06
2026-03-11T15:36:19.906+00:00,SOL-USD,coinbase,85.11500000000001,85.11,85.12
2026-03-11T15:36:20.034+00:00,SOL-USD,coinbase,85.11500000000001,85.11,85.12
2026-03-11T15:36:20.034+00:00,ETH-USD,coinbase,2041.2150000000001,2041.21,2041.22
2026-03-11T15:36:20.076+00:00,BTC-USD,coinbase,70067.205,70067.2,70067.21
2026-03-11T15:36:20.105+00:00,SOL-USD,coinbase,85.11500000000001,85.11,85.12
2026-03-11T15:36:20.183+00:00,BTC-USD,coinbase,70067.205,70067.2,70067.21
2026-03-11T15:36:20.258+00:00,SOL-USD,coinbase,85.11500000000001,85.11,85.12
2026-03-11T15:36:20.290+00:00,ETH-USD,coinbase,2040.9650000000001,2040.96,2040.97
2026-03-11T15:36:20.309+00:00,ETH-USD,coinbase,2040.9650000000001,2040.96,2040.97
2026-03-11T15:36:20.332+00:00,BTC-USD,coinbase,70060.805,70060.8,70060.81
2026-03-11T15:36:20.431+00:00,SOL-USD,coinbase,85.10499999999999,85.1,85.11
2026-03-11T15:36:20.449+00:00,BTC-USD,coinbase,70060.805,70060.8,70060.81
2026-03-11T15:36:20.540+00:00,ETH-USD,coinbase,2040.645,2040.64,2040.65
2026-03-11T15:36:20.553+00:00,ETH-USD,coinbase,2040.645,2040.64,2040.65
2026-03-11T15:36:20.581+00:00,BTC-USD,coinbase,70051.205,70051.2,70051.21
2026-03-11T15:36:20.605+00:00,SOL-USD,coinbase,85.095,85.09,85.1
2026-03-11T15:36:20.694+00:00,BTC-USD,coinbase,70051.205,70051.2,70051.21
2026-03-11T15:36:20.756+00:00,ETH-USD,coinbase,2040.645,2040.64,2040.65
2026-03-11T15:36:20.781+00:00,SOL-USD,coinbase,85.095,85.09,85.1
2026-03-11T15:36:20.785+00:00,ETH-USD,coinbase,2040.4850000000001,2040.48,2040.49
2026-03-11T15:36:20.826+00:00,BTC-USD,coinbase,70051.205,70051.2,70051.21
2026-03-11T15:36:20.958+00:00,SOL-USD,coinbase,85.095,85.09,85.1
2026-03-11T15:36:20.958+00:00,BTC-USD,coinbase,70051.205,70051.2,70051.21
2026-03-11T15:36:21.036+00:00,ETH-USD,coinbase,2040.605,2040.6,2040.61
2026-03-11T15:36:21.079+00:00,BTC-USD,coinbase,70054.875,70054.87,70054.88
2026-03-11T15:36:21.109+00:00,SOL-USD,coinbase,85.10499999999999,85.1,85.11
2026-03-11T15:36:21.195+00:00,BTC-USD,coinbase,70054.875,70054.87,70054.88
2026-03-11T15:36:21.285+00:00,ETH-USD,coinbase,2040.605,2040.6,2040.61
2026-03-11T15:36:21.303+00:00,ETH-USD,coinbase,2040.605,2040.6,2040.61
2026-03-11T15:36:21.323+00:00,BTC-USD,coinbase,70053.215,70052.44,70053.99
2026-03-11T15:36:21.371+00:00,SOL-USD,coinbase,85.095,85.09,85.1
2026-03-11T15:36:21.478+00:00,BTC-USD,coinbase,70053.215,70052.44,70053.99
2026-03-11T15:36:21.532+00:00,ETH-USD,coinbase,2040.705,2040.7,2040.71
2026-03-11T15:36:21.576+00:00,BTC-USD,coinbase,70058.38500000001,70058.38,70058.39
2026-03-11T15:36:21.577+00:00,SOL-USD,coinbase,85.095,85.09,85.1
2026-03-11T15:36:21.600+00:00,SOL-USD,coinbase,85.11500000000001,85.11,85.12
2026-03-11T15:36:21.698+00:00,BTC-USD,coinbase,70058.38500000001,70058.38,70058.39
2026-03-11T15:36:21.765+00:00,SOL-USD,coinbase,85.11500000000001,85.11,85.12
2026-03-11T15:36:21.765+00:00,ETH-USD,coinbase,2040.705,2040.7,2040.71
2026-03-11T15:36:21.789+00:00,ETH-USD,coinbase,2041.165,2041.16,2041.17
2026-03-11T15:36:21.824+00:00,BTC-USD,coinbase,70075.0,70074.0,70076.0
2026-03-11T15:36:21.854+00:00,SOL-USD,coinbase,85.13499999999999,85.13,85.14
2026-03-11T15:36:22.009+00:00,BTC-USD,coinbase,70075.0,70074.0,70076.0
2026-03-11T15:36:22.027+00:00,SOL-USD,coinbase,85.13499999999999,85.13,85.14
2026-03-11T15:36:22.037+00:00,ETH-USD,coinbase,2041.115,2041.06,2041.17
2026-03-11T15:36:22.040+00:00,ETH-USD,coinbase,2041.115,2041.06,2041.17
2026-03-11T15:36:22.075+00:00,BTC-USD,coinbase,70072.705,70071.6,70073.81
2026-03-11T15:36:22.104+00:00,SOL-USD,coinbase,85.13499999999999,85.13,85.14
2026-03-11T15:36:22.289+00:00,ETH-USD,coinbase,2041.065,2041.06,2041.07
2026-03-11T15:36:22.319+00:00,BTC-USD,coinbase,70072.43,70071.07,70073.79
2026-03-11T15:36:22.355+00:00,SOL-USD,coinbase,85.11500000000001,85.11,85.12
2026-03-11T15:36:22.538+00:00,ETH-USD,coinbase,2040.8600000000001,2040.8,2040.92
2026-03-11T15:36:22.576+00:00,BTC-USD,coinbase,70065.45999999999,70064.74,70066.18
2026-03-11T15:36:22.601+00:00,SOL-USD,coinbase,85.125,85.12,85.13
2026-03-11T15:36:22.697+00:00,BTC-USD,coinbase,70065.45999999999,70064.74,70066.18
2026-03-11T15:36:22.790+00:00,ETH-USD,coinbase,2040.8449999999998,2040.82,2040.87
2026-03-11T15:36:22.790+00:00,SOL-USD,coinbase,85.125,85.12,85.13
2026-03-11T15:36:22.828+00:00,BTC-USD,coinbase,70060.805,70060.8,70060.81
2026-03-11T15:36:22.855+00:00,SOL-USD,coinbase,85.125,85.12,85.13
2026-03-11T15:36:22.945+00:00,BTC-USD,coinbase,70060.805,70060.8,70060.81
2026-03-11T15:36:23.053+00:00,ETH-USD,kraken,2040.9250000000002,2040.65,2041.2
2026-03-11T15:36:23.053+00:00,ETH-USD,coinbase,2040.645,2040.64,2040.65
2026-03-11T15:36:23.054+00:00,ETH-USD,coinbase,2040.645,2040.64,2040.65
2026-03-11T15:36:23.079+00:00,BTC-USD,coinbase,70054.7,70054.4,70055.0
2026-03-11T15:36:23.100+00:00,SOL-USD,coinbase,85.11500000000001,85.11,85.12
2026-03-11T15:36:23.192+00:00,BTC-USD,coinbase,70054.7,70054.4,70055.0
2026-03-11T15:36:23.206+00:00,SOL-USD,kraken,85.12,85.11,85.13
2026-03-11T15:36:23.270+00:00,ETH-USD,coinbase,2040.645,2040.64,2040.65
2026-03-11T15:36:23.287+00:00,ETH-USD,coinbase,2040.565,2040.48,2040.65
2026-03-11T15:36:23.325+00:00,BTC-USD,coinbase,70048.005,70048.0,70048.01
2026-03-11T15:36:23.351+00:00,SOL-USD,coinbase,85.10499999999999,85.1,85.11
2026-03-11T15:36:23.438+00:00,BTC-USD,coinbase,70048.005,70048.0,70048.01
2026-03-11T15:36:23.582+00:00,ETH-USD,coinbase,2040.3249999999998,2040.32,2040.33
2026-03-11T15:36:23.582+00:00,BTC-USD,coinbase,70038.695,70038.4,70038.99
2026-03-11T15:36:23.636+00:00,SOL-USD,coinbase,85.095,85.09,85.1
2026-03-11T15:36:23.697+00:00,BTC-USD,coinbase,70038.695,70038.4,70038.99
2026-03-11T15:36:23.789+00:00,ETH-USD,coinbase,2039.9250000000002,2039.92,2039.93
2026-03-11T15:36:23.796+00:00,ETH-USD,coinbase,2039.9250000000002,2039.92,2039.93
2026-03-11T15:36:23.825+00:00,BTC-USD,coinbase,70035.38,70035.2,70035.56
2026-03-11T15:36:23.858+00:00,SOL-USD,coinbase,85.08500000000001,85.08,85.09
2026-03-11T15:36:23.944+00:00,BTC-USD,coinbase,70035.38,70035.2,70035.56
2026-03-11T15:36:24.107+00:00,SOL-USD,coinbase,85.08500000000001,85.08,85.09
2026-03-11T15:36:24.107+00:00,ETH-USD,coinbase,2039.87,2039.84,2039.9
2026-03-11T15:36:24.107+00:00,ETH-USD,coinbase,2039.87,2039.84,2039.9
2026-03-11T15:36:24.107+00:00,BTC-USD,coinbase,70033.305,70033.3,70033.31
2026-03-11T15:36:24.107+00:00,SOL-USD,coinbase,85.095,85.09,85.1
2026-03-11T15:36:24.289+00:00,ETH-USD,coinbase,2040.08,2040.02,2040.14
2026-03-11T15:36:24.322+00:00,BTC-USD,coinbase,70037.955,70037.95,70037.96
2026-03-11T15:36:24.355+00:00,SOL-USD,coinbase,85.095,85.09,85.1
2026-03-11T15:36:24.449+00:00,BTC-USD,coinbase,70037.955,70037.95,70037.96
2026-03-11T15:36:24.533+00:00,ETH-USD,coinbase,2039.9450000000002,2039.9,2039.99
2026-03-11T15:36:24.629+00:00,SOL-USD,coinbase,85.08500000000001,85.08,85.09
2026-03-11T15:36:24.691+00:00,BTC-USD,coinbase,70037.955,70037.95,70037.96
2026-03-11T15:36:24.728+00:00,BTC-USD,coinbase,70037.955,70037.95,70037.96
2026-03-11T15:36:24.788+00:00,ETH-USD,coinbase,2040.005,2039.91,2040.1
2026-03-11T15:36:24.853+00:00,SOL-USD,coinbase,85.08500000000001,85.08,85.09
2026-03-11T15:36:24.946+00:00,BTC-USD,coinbase,70037.955,70037.95,70037.96
2026-03-11T15:36:24.958+00:00,BTC-USD,coinbase,70032.4,70032.03,70032.77
2026-03-11T15:36:25.036+00:00,ETH-USD,coinbase,2040.04,2040.01,2040.07
2026-03-11T15:36:25.183+00:00,SOL-USD,coinbase,85.08500000000001,85.08,85.09
2026-03-11T15:36:25.228+00:00,BTC-USD,coinbase,70032.4,70032.03,70032.77
2026-03-11T15:36:25.228+00:00,BTC-USD,coinbase,70033.41,70033.1,70033.72
2026-03-11T15:36:25.261+00:00,SOL-USD,coinbase,85.08500000000001,85.08,85.09
2026-03-11T15:36:25.285+00:00,ETH-USD,coinbase,2040.415,2040.39,2040.44
2026-03-11T15:36:25.356+00:00,SOL-USD,coinbase,85.095,85.09,85.1
2026-03-11T15:36:25.378+00:00,BTC-USD,coinbase,70038.98,70038.62,70039.34
2026-03-11T15:36:25.460+00:00,BTC-USD,coinbase,70038.98,70038.62,70039.34
2026-03-11T15:36:25.536+00:00,ETH-USD,coinbase,2040.395,2040.39,2040.4
2026-03-11T15:36:25.546+00:00,ETH-USD,coinbase,2040.395,2040.39,2040.4
2026-03-11T15:36:25.579+00:00,BTC-USD,coinbase,70039.33499999999,70039.33,70039.34
2026-03-11T15:36:25.674+00:00,SOL-USD,coinbase,85.08500000000001,85.08,85.09
2026-03-11T15:36:25.696+00:00,BTC-USD,coinbase,70039.33499999999,70039.33,70039.34
2026-03-11T15:36:25.787+00:00,ETH-USD,coinbase,2040.395,2040.39,2040.4
2026-03-11T15:36:25.823+00:00,BTC-USD,coinbase,70038.60500000001,70038.6,70038.61
2026-03-11T15:36:25.851+00:00,SOL-USD,coinbase,85.095,85.09,85.1
2026-03-11T15:36:26.032+00:00,ETH-USD,coinbase,2040.395,2040.39,2040.4
2026-03-11T15:36:26.071+00:00,BTC-USD,coinbase,70038.60500000001,70038.6,70038.61
2026-03-11T15:36:26.107+00:00,SOL-USD,coinbase,85.095,85.09,85.1
2026-03-11T15:36:26.311+00:00,ETH-USD,coinbase,2040.395,2040.39,2040.4
2026-03-11T15:36:26.325+00:00,BTC-USD,coinbase,70038.60500000001,70038.6,70038.61
2026-03-11T15:36:26.452+00:00,BTC-USD,coinbase,70038.60500000001,70038.6,70038.61
2026-03-11T15:36:26.544+00:00,ETH-USD,coinbase,2040.395,2040.39,2040.4
2026-03-11T15:36:26.550+00:00,SOL-USD,coinbase,85.095,85.09,85.1
2026-03-11T15:36:26.599+00:00,SOL-USD,coinbase,85.095,85.09,85.1
2026-03-11T15:36:26.785+00:00,ETH-USD,coinbase,2040.395,2040.39,2040.4
2026-03-11T15:36:26.825+00:00,BTC-USD,coinbase,70038.60500000001,70038.6,70038.61
2026-03-11T15:36:26.854+00:00,SOL-USD,coinbase,85.095,85.09,85.1
2026-03-11T15:36:27.038+00:00,ETH-USD,coinbase,2040.395,2040.39,2040.4
2026-03-11T15:36:27.071+00:00,BTC-USD,coinbase,70038.60500000001,70038.6,70038.61
2026-03-11T15:36:27.127+00:00,SOL-USD,kraken,85.08500000000001,85.08,85.09
2026-03-11T15:36:27.285+00:00,ETH-USD,coinbase,2040.255,2040.25,2040.26
2026-03-11T15:36:27.319+00:00,BTC-USD,coinbase,70038.60500000001,70038.6,70038.61
2026-03-11T15:36:27.424+00:00,BTC-USD,coinbase,70038.60500000001,70038.6,70038.61
2026-03-11T15:36:27.538+00:00,ETH-USD,coinbase,2040.335,2040.33,2040.34
2026-03-11T15:36:27.548+00:00,ETH-USD,coinbase,2040.335,2040.33,2040.34
2026-03-11T15:36:27.573+00:00,BTC-USD,coinbase,70038.60500000001,70038.6,70038.61
2026-03-11T15:36:27.615+00:00,SOL-USD,coinbase,85.095,85.09,85.1
2026-03-11T15:36:27.790+00:00,SOL-USD,coinbase,85.095,85.09,85.1
2026-03-11T15:36:27.823+00:00,BTC-USD,coinbase,70038.60500000001,70038.6,70038.61
2026-03-11T15:36:27.854+00:00,SOL-USD,coinbase,85.095,85.09,85.1
2026-03-11T15:36:27.947+00:00,BTC-USD,coinbase,70038.60500000001,70038.6,70038.61
2026-03-11T15:36:28.075+00:00,BTC-USD,coinbase,70032.845,70032.84,70032.85
2026-03-11T15:36:28.167+00:00,BTC-USD,coinbase,70032.845,70032.84,70032.85
2026-03-11T15:36:28.322+00:00,BTC-USD,coinbase,70035.295,70035.29,70035.3
2026-03-11T15:36:28.538+00:00,ETH-USD,coinbase,2040.5549999999998,2040.55,2040.56
2026-03-11T15:36:28.574+00:00,BTC-USD,coinbase,70038.60500000001,70038.6,70038.61
2026-03-11T15:36:28.606+00:00,SOL-USD,coinbase,85.095,85.09,85.1
2026-03-11T15:36:28.696+00:00,BTC-USD,coinbase,70038.60500000001,70038.6,70038.61
2026-03-11T15:36:28.822+00:00,ETH-USD,coinbase,2040.5549999999998,2040.55,2040.56
2026-03-11T15:36:28.823+00:00,ETH-USD,coinbase,2040.5549999999998,2040.55,2040.56
2026-03-11T15:36:28.823+00:00,BTC-USD,coinbase,70035.295,70035.29,70035.3
2026-03-11T15:36:28.872+00:00,SOL-USD,coinbase,85.095,85.09,85.1
2026-03-11T15:36:28.957+00:00,BTC-USD,coinbase,70035.295,70035.29,70035.3
2026-03-11T15:36:29.037+00:00,ETH-USD,coinbase,2040.4650000000001,2040.46,2040.47
2026-03-11T15:36:29.077+00:00,BTC-USD,coinbase,70038.435,70038.43,70038.44
2026-03-11T15:36:29.107+00:00,SOL-USD,coinbase,85.10499999999999,85.1,85.11
2026-03-11T15:36:29.343+00:00,ETH-USD,coinbase,2040.525,2040.52,2040.53
2026-03-11T15:36:29.343+00:00,BTC-USD,coinbase,70036.985,70036.98,70036.99
2026-03-11T15:36:29.355+00:00,SOL-USD,coinbase,85.095,85.09,85.1
2026-03-11T15:36:29.534+00:00,ETH-USD,coinbase,2040.525,2040.52,2040.53
2026-03-11T15:36:29.557+00:00,ETH-USD,coinbase,2040.525,2040.52,2040.53
2026-03-11T15:36:29.574+00:00,BTC-USD,coinbase,70035.295,70035.29,70035.3
2026-03-11T15:36:29.600+00:00,SOL-USD,coinbase,85.095,85.09,85.1
2026-03-11T15:36:29.673+00:00,BTC-USD,coinbase,70035.295,70035.29,70035.3
2026-03-11T15:36:29.870+00:00,ETH-USD,coinbase,2040.525,2040.52,2040.53
2026-03-11T15:36:29.870+00:00,ETH-USD,coinbase,2040.525,2040.52,2040.53
2026-03-11T15:36:29.871+00:00,BTC-USD,coinbase,70037.745,70037.74,70037.75
2026-03-11T15:36:29.871+00:00,SOL-USD,coinbase,85.095,85.09,85.1
2026-03-11T15:36:29.944+00:00,BTC-USD,coinbase,70037.745,70037.74,70037.75
2026-03-11T15:36:30.035+00:00,ETH-USD,coinbase,2040.525,2040.52,2040.53
2026-03-11T15:36:30.076+00:00,BTC-USD,coinbase,70037.745,70037.74,70037.75
2026-03-11T15:36:30.104+00:00,SOL-USD,coinbase,85.095,85.09,85.1
2026-03-11T15:36:30.282+00:00,ETH-USD,coinbase,2040.525,2040.52,2040.53
2026-03-11T15:36:30.298+00:00,ETH-USD,coinbase,2040.525,2040.52,2040.53
2026-03-11T15:36:30.396+00:00,BTC-USD,coinbase,70037.745,70037.74,70037.75
2026-03-11T15:36:30.397+00:00,SOL-USD,coinbase,85.10499999999999,85.1,85.11
2026-03-11T15:36:30.453+00:00,BTC-USD,coinbase,70037.745,70037.74,70037.75
2026-03-11T15:36:30.538+00:00,ETH-USD,coinbase,2040.5549999999998,2040.55,2040.56
2026-03-11T15:36:30.545+00:00,ETH-USD,coinbase,2040.5549999999998,2040.55,2040.56
2026-03-11T15:36:30.570+00:00,BTC-USD,coinbase,70041.595,70041.59,70041.6
2026-03-11T15:36:30.599+00:00,SOL-USD,coinbase,85.10499999999999,85.1,85.11
2026-03-11T15:36:30.824+00:00,BTC-USD,coinbase,70041.985,70041.98,70041.99
2026-03-11T15:36:30.916+00:00,SOL-USD,coinbase,85.10499999999999,85.1,85.11
2026-03-11T15:36:30.986+00:00,BTC-USD,coinbase,70041.985,70041.98,70041.99
2026-03-11T15:36:31.083+00:00,ETH-USD,coinbase,2040.6350000000002,2040.63,2040.64
2026-03-11T15:36:31.083+00:00,BTC-USD,coinbase,70043.995,70043.99,70044.0
2026-03-11T15:36:31.108+00:00,SOL-USD,coinbase,85.095,85.09,85.1
2026-03-11T15:36:31.205+00:00,BTC-USD,coinbase,70043.995,70043.99,70044.0
2026-03-11T15:36:31.288+00:00,ETH-USD,coinbase,2040.635,2040.62,2040.65
2026-03-11T15:36:31.288+00:00,ETH-USD,coinbase,2040.635,2040.62,2040.65
2026-03-11T15:36:31.322+00:00,BTC-USD,coinbase,70043.995,70043.99,70044.0
2026-03-11T15:36:31.536+00:00,ETH-USD,coinbase,2040.53,2040.52,2040.54
2026-03-11T15:36:31.575+00:00,BTC-USD,coinbase,70035.295,70035.29,70035.3
2026-03-11T15:36:31.599+00:00,SOL-USD,coinbase,85.095,85.09,85.1
2026-03-11T15:36:31.694+00:00,BTC-USD,coinbase,70035.295,70035.29,70035.3
2026-03-11T15:36:31.790+00:00,ETH-USD,coinbase,2040.525,2040.52,2040.53
2026-03-11T15:36:31.825+00:00,BTC-USD,coinbase,70035.295,70035.29,70035.3
2026-03-11T15:36:31.852+00:00,SOL-USD,coinbase,85.095,85.09,85.1
2026-03-11T15:36:31.967+00:00,BTC-USD,coinbase,70035.295,70035.29,70035.3
2026-03-11T15:36:32.008+00:00,SOL-USD,coinbase,85.095,85.09,85.1
2026-03-11T15:36:32.036+00:00,ETH-USD,coinbase,2040.57,2040.53,2040.61
2026-03-11T15:36:32.075+00:00,BTC-USD,coinbase,70035.295,70035.29,70035.3
2026-03-11T15:36:32.105+00:00,SOL-USD,coinbase,85.095,85.09,85.1
2026-03-11T15:36:32.205+00:00,BTC-USD,coinbase,70035.295,70035.29,70035.3
2026-03-11T15:36:32.283+00:00,SOL-USD,coinbase,85.095,85.09,85.1
2026-03-11T15:36:32.285+00:00,ETH-USD,coinbase,2040.56,2040.53,2040.59
2026-03-11T15:36:32.354+00:00,SOL-USD,coinbase,85.095,85.09,85.1
2026-03-11T15:36:32.381+00:00,ETH-USD,kraken,2040.58,2040.42,2040.74
2026-03-11T15:36:32.494+00:00,BTC-USD,coinbase,70035.295,70035.29,70035.3
2026-03-11T15:36:32.540+00:00,ETH-USD,coinbase,2040.875,2040.87,2040.88
2026-03-11T15:36:32.547+00:00,SOL-USD,coinbase,85.095,85.09,85.1
2026-03-11T15:36:32.582+00:00,BTC-USD,coinbase,70051.195,70051.19,70051.2
2026-03-11T15:36:32.603+00:00,SOL-USD,coinbase,85.10499999999999,85.1,85.11
2026-03-11T15:36:32.705+00:00,BTC-USD,coinbase,70051.195,70051.19,70051.2
2026-03-11T15:36:32.788+00:00,ETH-USD,coinbase,2040.955,2040.95,2040.96
2026-03-11T15:36:32.794+00:00,ETH-USD,coinbase,2040.955,2040.95,2040.96
2026-03-11T15:36:32.824+00:00,BTC-USD,coinbase,70051.195,70051.19,70051.2
2026-03-11T15:36:32.853+00:00,SOL-USD,coinbase,85.10499999999999,85.1,85.11
2026-03-11T15:36:33.013+00:00,BTC-USD,coinbase,70051.195,70051.19,70051.2
2026-03-11T15:36:33.036+00:00,ETH-USD,coinbase,2040.955,2040.95,2040.96
2026-03-11T15:36:33.040+00:00,ETH-USD,coinbase,2040.955,2040.95,2040.96
2026-03-11T15:36:33.074+00:00,BTC-USD,coinbase,70051.195,70051.19,70051.2
2026-03-11T15:36:33.107+00:00,SOL-USD,coinbase,85.10499999999999,85.1,85.11
2026-03-11T15:36:33.289+00:00,ETH-USD,coinbase,2040.955,2040.95,2040.96
2026-03-11T15:36:33.322+00:00,BTC-USD,coinbase,70051.195,70051.19,70051.2
2026-03-11T15:36:33.440+00:00,BTC-USD,coinbase,70051.195,70051.19,70051.2
2026-03-11T15:36:33.576+00:00,BTC-USD,coinbase,70054.39499999999,70054.39,70054.4
2026-03-11T15:36:33.785+00:00,ETH-USD,coinbase,2041.1149999999998,2041.11,2041.12
2026-03-11T15:36:33.825+00:00,BTC-USD,coinbase,70060.005,70060.0,70060.01
2026-03-11T15:36:33.854+00:00,SOL-USD,coinbase,85.11500000000001,85.11,85.12
2026-03-11T15:36:33.948+00:00,BTC-USD,coinbase,70060.005,70060.0,70060.01
2026-03-11T15:36:34.063+00:00,SOL-USD,coinbase,85.11500000000001,85.11,85.12
2026-03-11T15:36:34.063+00:00,ETH-USD,coinbase,2041.1149999999998,2041.11,2041.12
2026-03-11T15:36:34.063+00:00,ETH-USD,coinbase,2041.1149999999998,2041.11,2041.12
2026-03-11T15:36:34.081+00:00,BTC-USD,coinbase,70068.495,70068.49,70068.5
2026-03-11T15:36:34.109+00:00,SOL-USD,coinbase,85.125,85.12,85.13
2026-03-11T15:36:34.287+00:00,ETH-USD,coinbase,2041.5149999999999,2041.51,2041.52
2026-03-11T15:36:34.322+00:00,BTC-USD,coinbase,70073.58499999999,70073.58,70073.59
2026-03-11T15:36:34.356+00:00,SOL-USD,coinbase,85.125,85.12,85.13
2026-03-11T15:36:34.455+00:00,BTC-USD,coinbase,70073.58499999999,70073.58,70073.59
2026-03-11T15:36:34.587+00:00,ETH-USD,coinbase,2041.835,2041.83,2041.84
2026-03-11T15:36:34.588+00:00,SOL-USD,coinbase,85.125,85.12,85.13
2026-03-11T15:36:34.588+00:00,ETH-USD,coinbase,2041.835,2041.83,2041.84
2026-03-11T15:36:34.588+00:00,BTC-USD,coinbase,70079.995,70079.99,70080.0
2026-03-11T15:36:34.599+00:00,SOL-USD,coinbase,85.14500000000001,85.14,85.15
2026-03-11T15:36:34.691+00:00,BTC-USD,coinbase,70079.995,70079.99,70080.0
2026-03-11T15:36:34.787+00:00,SOL-USD,coinbase,85.14500000000001,85.14,85.15
2026-03-11T15:36:34.787+00:00,ETH-USD,coinbase,2041.605,2041.6,2041.61
2026-03-11T15:36:34.794+00:00,ETH-USD,coinbase,2041.605,2041.6,2041.61
2026-03-11T15:36:34.821+00:00,BTC-USD,coinbase,70076.465,70074.97,70077.96
2026-03-11T15:36:34.853+00:00,SOL-USD,coinbase,85.125,85.12,85.13
2026-03-11T15:36:34.944+00:00,BTC-USD,coinbase,70076.465,70074.97,70077.96
2026-03-11T15:36:35.115+00:00,ETH-USD,coinbase,2041.7649999999999,2041.74,2041.79
2026-03-11T15:36:35.115+00:00,ETH-USD,coinbase,2041.7649999999999,2041.74,2041.79
2026-03-11T15:36:35.115+00:00,BTC-USD,coinbase,70079.985,70079.98,70079.99
2026-03-11T15:36:35.115+00:00,SOL-USD,coinbase,85.125,85.12,85.13
2026-03-11T15:36:35.284+00:00,ETH-USD,coinbase,2041.525,2041.52,2041.53
2026-03-11T15:36:35.327+00:00,BTC-USD,coinbase,70073.245,70072.52,70073.97
2026-03-11T15:36:35.353+00:00,SOL-USD,coinbase,85.125,85.12,85.13
2026-03-11T15:36:35.476+00:00,BTC-USD,coinbase,70073.245,70072.52,70073.97
2026-03-11T15:36:35.539+00:00,ETH-USD,coinbase,2041.5749999999998,2041.53,2041.62
2026-03-11T15:36:35.640+00:00,ETH-USD,coinbase,2041.5749999999998,2041.53,2041.62
2026-03-11T15:36:35.640+00:00,BTC-USD,coinbase,70076.045,70076.0,70076.09
2026-03-11T15:36:35.640+00:00,SOL-USD,coinbase,85.125,85.12,85.13
2026-03-11T15:36:35.722+00:00,BTC-USD,coinbase,70076.045,70076.0,70076.09
2026-03-11T15:36:35.804+00:00,ETH-USD,coinbase,2041.3850000000002,2041.38,2041.39
2026-03-11T15:36:35.848+00:00,BTC-USD,coinbase,70073.275,70072.94,70073.61
2026-03-11T15:36:35.877+00:00,SOL-USD,coinbase,85.125,85.12,85.13
2026-03-11T15:36:35.962+00:00,BTC-USD,coinbase,70073.275,70072.94,70073.61
2026-03-11T15:36:36.059+00:00,ETH-USD,coinbase,2041.595,2041.5,2041.69
2026-03-11T15:36:36.164+00:00,BTC-USD,coinbase,70075.07500000001,70075.07,70075.08
2026-03-11T15:36:36.164+00:00,SOL-USD,coinbase,85.125,85.12,85.13
2026-03-11T15:36:36.286+00:00,ETH-USD,coinbase,2041.525,2041.52,2041.53
2026-03-11T15:36:36.326+00:00,BTC-USD,coinbase,70074.14499999999,70074.14,70074.15
2026-03-11T15:36:36.353+00:00,SOL-USD,coinbase,85.125,85.12,85.13
2026-03-11T15:36:36.449+00:00,BTC-USD,coinbase,70074.14499999999,70074.14,70074.15
2026-03-11T15:36:36.535+00:00,ETH-USD,coinbase,2041.5349999999999,2041.52,2041.55
2026-03-11T15:36:36.547+00:00,SOL-USD,coinbase,85.125,85.12,85.13
2026-03-11T15:36:36.687+00:00,BTC-USD,coinbase,70070.41500000001,70070.41,70070.42
2026-03-11T15:36:36.687+00:00,SOL-USD,coinbase,85.125,85.12,85.13
2026-03-11T15:36:36.706+00:00,BTC-USD,coinbase,70070.41500000001,70070.41,70070.42
2026-03-11T15:36:36.785+00:00,ETH-USD,coinbase,2041.53,2041.52,2041.54
2026-03-11T15:36:36.821+00:00,BTC-USD,coinbase,70070.41500000001,70070.41,70070.42
2026-03-11T15:36:36.873+00:00,SOL-USD,coinbase,85.125,85.12,85.13
2026-03-11T15:36:37.035+00:00,SOL-USD,coinbase,85.125,85.12,85.13
2026-03-11T15:36:37.035+00:00,ETH-USD,coinbase,2041.525,2041.52,2041.53
2026-03-11T15:36:37.074+00:00,BTC-USD,coinbase,70070.41500000001,70070.41,70070.42
2026-03-11T15:36:37.100+00:00,SOL-USD,coinbase,85.125,85.12,85.13
2026-03-11T15:36:37.287+00:00,ETH-USD,coinbase,2041.645,2041.62,2041.67
2026-03-11T15:36:37.321+00:00,BTC-USD,coinbase,70070.41500000001,70070.41,70070.42
2026-03-11T15:36:37.349+00:00,SOL-USD,coinbase,85.125,85.12,85.13
2026-03-11T15:36:37.533+00:00,ETH-USD,coinbase,2041.7150000000001,2041.71,2041.72
2026-03-11T15:36:37.572+00:00,BTC-USD,coinbase,70075.08499999999,70075.08,70075.09
2026-03-11T15:36:37.604+00:00,SOL-USD,coinbase,85.13499999999999,85.13,85.14
2026-03-11T15:36:37.733+00:00,BTC-USD,coinbase,70075.08499999999,70075.08,70075.09
2026-03-11T15:36:37.771+00:00,SOL-USD,coinbase,85.13499999999999,85.13,85.14
2026-03-11T15:36:37.788+00:00,ETH-USD,coinbase,2041.755,2041.75,2041.76
2026-03-11T15:36:37.823+00:00,BTC-USD,coinbase,70075.08499999999,70075.08,70075.09
2026-03-11T15:36:37.850+00:00,SOL-USD,coinbase,85.14500000000001,85.14,85.15
2026-03-11T15:36:38.034+00:00,SOL-USD,coinbase,85.14500000000001,85.14,85.15
2026-03-11T15:36:38.076+00:00,BTC-USD,coinbase,70075.08499999999,70075.08,70075.09
2026-03-11T15:36:38.103+00:00,SOL-USD,coinbase,85.13499999999999,85.13,85.14
2026-03-11T15:36:38.261+00:00,BTC-USD,coinbase,70075.08499999999,70075.08,70075.09
2026-03-11T15:36:38.358+00:00,SOL-USD,coinbase,85.13499999999999,85.13,85.14
2026-03-11T15:36:38.536+00:00,ETH-USD,coinbase,2041.835,2041.83,2041.84
2026-03-11T15:36:38.573+00:00,BTC-USD,coinbase,70079.995,70079.99,70080.0
2026-03-11T15:36:38.599+00:00,SOL-USD,coinbase,85.14500000000001,85.14,85.15
2026-03-11T15:36:38.789+00:00,BTC-USD,coinbase,70079.995,70079.99,70080.0
2026-03-11T15:36:38.789+00:00,SOL-USD,coinbase,85.14500000000001,85.14,85.15
2026-03-11T15:36:38.789+00:00,ETH-USD,coinbase,2041.835,2041.83,2041.84
2026-03-11T15:36:38.790+00:00,ETH-USD,coinbase,2041.835,2041.83,2041.84
2026-03-11T15:36:38.822+00:00,BTC-USD,coinbase,70079.995,70079.99,70080.0
2026-03-11T15:36:38.852+00:00,SOL-USD,coinbase,85.14500000000001,85.14,85.15
2026-03-11T15:36:39.039+00:00,ETH-USD,coinbase,2041.835,2041.83,2041.84
2026-03-11T15:36:39.048+00:00,ETH-USD,coinbase,2041.835,2041.83,2041.84
2026-03-11T15:36:39.078+00:00,BTC-USD,coinbase,70079.985,70079.98,70079.99
2026-03-11T15:36:39.105+00:00,SOL-USD,coinbase,85.13499999999999,85.13,85.14
2026-03-11T15:36:39.201+00:00,BTC-USD,coinbase,70079.985,70079.98,70079.99
2026-03-11T15:36:39.308+00:00,ETH-USD,coinbase,2041.835,2041.83,2041.84
2026-03-11T15:36:39.308+00:00,ETH-USD,coinbase,2041.835,2041.83,2041.84
2026-03-11T15:36:39.322+00:00,BTC-USD,coinbase,70077.535,70077.53,70077.54
2026-03-11T15:36:39.355+00:00,SOL-USD,coinbase,85.14500000000001,85.14,85.15
2026-03-11T15:36:39.445+00:00,BTC-USD,coinbase,70077.535,70077.53,70077.54
2026-03-11T15:36:39.538+00:00,ETH-USD,coinbase,2041.835,2041.83,2041.84
2026-03-11T15:36:39.574+00:00,BTC-USD,coinbase,70079.995,70079.99,70080.0
2026-03-11T15:36:39.601+00:00,SOL-USD,coinbase,85.14500000000001,85.14,85.15
2026-03-11T15:36:39.692+00:00,BTC-USD,coinbase,70079.995,70079.99,70080.0
2026-03-11T15:36:39.831+00:00,ETH-USD,coinbase,2041.915,2041.91,2041.92
2026-03-11T15:36:39.831+00:00,ETH-USD,coinbase,2041.915,2041.91,2041.92
2026-03-11T15:36:39.831+00:00,BTC-USD,coinbase,70079.985,70079.98,70079.99
2026-03-11T15:36:39.832+00:00,SOL-USD,kraken,85.13499999999999,85.13,85.14
2026-03-11T15:36:39.851+00:00,SOL-USD,coinbase,85.14500000000001,85.14,85.15
2026-03-11T15:36:40.032+00:00,ETH-USD,coinbase,2041.915,2041.91,2041.92
2026-03-11T15:36:40.072+00:00,BTC-USD,coinbase,70086.39499999999,70086.39,70086.4
2026-03-11T15:36:40.102+00:00,SOL-USD,coinbase,85.14500000000001,85.14,85.15
2026-03-11T15:36:40.173+00:00,BTC-USD,coinbase,70086.39499999999,70086.39,70086.4
2026-03-11T15:36:40.355+00:00,BTC-USD,coinbase,70086.39499999999,70086.39,70086.4
2026-03-11T15:36:40.356+00:00,SOL-USD,coinbase,85.14500000000001,85.14,85.15
2026-03-11T15:36:40.438+00:00,BTC-USD,coinbase,70086.39499999999,70086.39,70086.4
2026-03-11T15:36:40.501+00:00,SOL-USD,coinbase,85.14500000000001,85.14,85.15
2026-03-11T15:36:40.538+00:00,ETH-USD,coinbase,2041.915,2041.91,2041.92
2026-03-11T15:36:40.577+00:00,BTC-USD,coinbase,70086.39499999999,70086.39,70086.4
2026-03-11T15:36:40.605+00:00,SOL-USD,coinbase,85.155,85.15,85.16
2026-03-11T15:36:40.697+00:00,BTC-USD,coinbase,70086.39499999999,70086.39,70086.4
2026-03-11T15:36:40.877+00:00,BTC-USD,coinbase,70089.595,70089.59,70089.6
2026-03-11T15:36:40.878+00:00,SOL-USD,coinbase,85.155,85.15,85.16
2026-03-11T15:36:40.995+00:00,ETH-USD,coinbase,2041.915,2041.91,2041.92
2026-03-11T15:36:41.038+00:00,ETH-USD,coinbase,2042.2350000000001,2042.23,2042.24
2026-03-11T15:36:41.074+00:00,BTC-USD,coinbase,70089.595,70089.59,70089.6
2026-03-11T15:36:41.099+00:00,SOL-USD,coinbase,85.155,85.15,85.16
2026-03-11T15:36:41.405+00:00,BTC-USD,coinbase,70089.595,70089.59,70089.6
2026-03-11T15:36:41.529+00:00,SOL-USD,coinbase,85.155,85.15,85.16
2026-03-11T15:36:41.531+00:00,ETH-USD,coinbase,2042.2350000000001,2042.23,2042.24
2026-03-11T15:36:41.574+00:00,BTC-USD,coinbase,70089.595,70089.59,70089.6
2026-03-11T15:36:41.599+00:00,SOL-USD,coinbase,85.155,85.15,85.16
2026-03-11T15:36:41.673+00:00,BTC-USD,coinbase,70089.595,70089.59,70089.6
2026-03-11T15:36:41.821+00:00,BTC-USD,coinbase,70089.595,70089.59,70089.6
2026-03-11T15:36:41.927+00:00,SOL-USD,coinbase,85.155,85.15,85.16
2026-03-11T15:36:42.033+00:00,ETH-USD,coinbase,2042.315,2042.31,2042.32
2026-03-11T15:36:42.037+00:00,ETH-USD,coinbase,2042.315,2042.31,2042.32
2026-03-11T15:36:42.097+00:00,BTC-USD,coinbase,70092.795,70092.79,70092.8
2026-03-11T15:36:42.107+00:00,SOL-USD,coinbase,85.16499999999999,85.16,85.17
2026-03-11T15:36:42.180+00:00,SOL-USD,kraken,85.155,85.15,85.16
2026-03-11T15:36:42.197+00:00,BTC-USD,coinbase,70092.795,70092.79,70092.8
2026-03-11T15:36:42.282+00:00,SOL-USD,coinbase,85.16499999999999,85.16,85.17
2026-03-11T15:36:42.284+00:00,ETH-USD,coinbase,2042.315,2042.31,2042.32
2026-03-11T15:36:42.319+00:00,BTC-USD,coinbase,70092.795,70092.79,70092.8
2026-03-11T15:36:42.452+00:00,SOL-USD,coinbase,85.16499999999999,85.16,85.17
2026-03-11T15:36:42.532+00:00,ETH-USD,coinbase,2042.315,2042.31,2042.32
2026-03-11T15:36:42.575+00:00,BTC-USD,coinbase,70092.795,70092.79,70092.8
2026-03-11T15:36:42.601+00:00,SOL-USD,coinbase,85.16499999999999,85.16,85.17
2026-03-11T15:36:42.718+00:00,BTC-USD,coinbase,70092.795,70092.79,70092.8
2026-03-11T15:36:42.823+00:00,BTC-USD,coinbase,70092.795,70092.79,70092.8
2026-03-11T15:36:42.852+00:00,SOL-USD,coinbase,85.16499999999999,85.16,85.17
2026-03-11T15:36:42.977+00:00,BTC-USD,coinbase,70092.795,70092.79,70092.8
2026-03-11T15:36:43.040+00:00,ETH-USD,coinbase,2042.315,2042.31,2042.32
2026-03-11T15:36:43.075+00:00,BTC-USD,coinbase,70093.67,70092.8,70094.54
2026-03-11T15:36:43.103+00:00,SOL-USD,coinbase,85.16499999999999,85.16,85.17
2026-03-11T15:36:43.197+00:00,BTC-USD,coinbase,70093.67,70092.8,70094.54
2026-03-11T15:36:43.287+00:00,ETH-USD,coinbase,2041.69,2041.68,2041.7
2026-03-11T15:36:43.324+00:00,BTC-USD,coinbase,70073.60500000001,70073.6,70073.61
2026-03-11T15:36:43.353+00:00,SOL-USD,coinbase,85.13499999999999,85.13,85.14
2026-03-11T15:36:43.500+00:00,BTC-USD,coinbase,70073.60500000001,70073.6,70073.61
2026-03-11T15:36:43.525+00:00,ETH-USD,coinbase,2041.69,2041.68,2041.7
2026-03-11T15:36:43.536+00:00,SOL-USD,coinbase,85.13499999999999,85.13,85.14
2026-03-11T15:36:43.537+00:00,ETH-USD,coinbase,2041.605,2041.6,2041.61
2026-03-11T15:36:43.577+00:00,BTC-USD,coinbase,70069.04000000001,70068.2,70069.88
2026-03-11T15:36:43.601+00:00,SOL-USD,coinbase,85.13499999999999,85.13,85.14
2026-03-11T15:36:43.699+00:00,BTC-USD,coinbase,70069.04000000001,70068.2,70069.88
2026-03-11T15:36:43.769+00:00,SOL-USD,coinbase,85.13499999999999,85.13,85.14
2026-03-11T15:36:43.786+00:00,ETH-USD,coinbase,2041.605,2041.6,2041.61
2026-03-11T15:36:43.795+00:00,ETH-USD,coinbase,2041.605,2041.6,2041.61
2026-03-11T15:36:43.821+00:00,BTC-USD,coinbase,70068.5,70067.2,70069.8
2026-03-11T15:36:43.850+00:00,SOL-USD,coinbase,85.13499999999999,85.13,85.14
2026-03-11T15:36:44.038+00:00,ETH-USD,coinbase,2041.6750000000002,2041.67,2041.68
2026-03-11T15:36:44.038+00:00,ETH-USD,coinbase,2041.6750000000002,2041.67,2041.68
2026-03-11T15:36:44.072+00:00,BTC-USD,coinbase,70069.725,70069.72,70069.73
2026-03-11T15:36:44.106+00:00,SOL-USD,coinbase,85.13499999999999,85.13,85.14
2026-03-11T15:36:44.188+00:00,BTC-USD,coinbase,70069.725,70069.72,70069.73
2026-03-11T15:36:44.291+00:00,ETH-USD,coinbase,2041.6750000000002,2041.67,2041.68
2026-03-11T15:36:44.291+00:00,ETH-USD,coinbase,2041.6750000000002,2041.67,2041.68
2026-03-11T15:36:44.320+00:00,BTC-USD,coinbase,70069.785,70069.78,70069.79
2026-03-11T15:36:44.349+00:00,SOL-USD,coinbase,85.13499999999999,85.13,85.14
2026-03-11T15:36:44.547+00:00,ETH-USD,coinbase,2041.2,2041.16,2041.24
2026-03-11T15:36:44.575+00:00,BTC-USD,coinbase,70064.005,70064.0,70064.01
2026-03-11T15:36:44.602+00:00,SOL-USD,coinbase,85.125,85.12,85.13
2026-03-11T15:36:44.696+00:00,BTC-USD,coinbase,70064.005,70064.0,70064.01
2026-03-11T15:36:44.768+00:00,SOL-USD,coinbase,85.125,85.12,85.13
2026-03-11T15:36:44.786+00:00,ETH-USD,coinbase,2041.045,2041.04,2041.05
2026-03-11T15:36:44.788+00:00,ETH-USD,coinbase,2041.045,2041.04,2041.05
2026-03-11T15:36:44.823+00:00,BTC-USD,coinbase,70054.405,70054.4,70054.41
2026-03-11T15:36:44.850+00:00,SOL-USD,coinbase,85.125,85.12,85.13
2026-03-11T15:36:44.917+00:00,BTC-USD,coinbase,70054.405,70054.4,70054.41
2026-03-11T15:36:45.072+00:00,ETH-USD,coinbase,2041.045,2041.04,2041.05
2026-03-11T15:36:45.072+00:00,ETH-USD,coinbase,2041.0749999999998,2041.05,2041.1
2026-03-11T15:36:45.100+00:00,SOL-USD,coinbase,85.125,85.12,85.13
2026-03-11T15:36:45.284+00:00,ETH-USD,coinbase,2041.0549999999998,2041.05,2041.06
2026-03-11T15:36:45.438+00:00,BTC-USD,coinbase,70054.405,70054.4,70054.41
2026-03-11T15:36:45.471+00:00,BTC-USD,coinbase,70056.795,70056.0,70057.59
2026-03-11T15:36:45.599+00:00,ETH-USD,coinbase,2041.0549999999998,2041.05,2041.06
2026-03-11T15:36:45.660+00:00,BTC-USD,coinbase,70057.565,70057.56,70057.57
2026-03-11T15:36:45.785+00:00,ETH-USD,coinbase,2041.0949999999998,2041.09,2041.1
2026-03-11T15:36:45.838+00:00,BTC-USD,coinbase,70060.86499999999,70060.86,70060.87
2026-03-11T15:36:45.850+00:00,SOL-USD,coinbase,85.125,85.12,85.13
2026-03-11T15:36:45.985+00:00,BTC-USD,coinbase,70060.86499999999,70060.86,70060.87
2026-03-11T15:36:46.121+00:00,ETH-USD,coinbase,2041.045,2041.04,2041.05
2026-03-11T15:36:46.121+00:00,ETH-USD,coinbase,2041.045,2041.04,2041.05
2026-03-11T15:36:46.121+00:00,BTC-USD,coinbase,70057.545,70057.54,70057.55
2026-03-11T15:36:46.121+00:00,SOL-USD,coinbase,85.125,85.12,85.13
2026-03-11T15:36:46.188+00:00,BTC-USD,coinbase,70057.545,70057.54,70057.55
2026-03-11T15:36:46.285+00:00,ETH-USD,coinbase,2041.0949999999998,2041.09,2041.1
2026-03-11T15:36:46.324+00:00,BTC-USD,coinbase,70060.015,70060.01,70060.02
2026-03-11T15:36:46.350+00:00,SOL-USD,coinbase,85.125,85.12,85.13
2026-03-11T15:36:46.417+00:00,BTC-USD,coinbase,70060.015,70060.01,70060.02
2026-03-11T15:36:46.535+00:00,ETH-USD,coinbase,2041.275,2041.27,2041.28
2026-03-11T15:36:46.544+00:00,SOL-USD,coinbase,85.125,85.12,85.13
2026-03-11T15:36:46.544+00:00,ETH-USD,coinbase,2041.275,2041.27,2041.28
2026-03-11T15:36:46.645+00:00,BTC-USD,coinbase,70062.475,70062.47,70062.48
2026-03-11T15:36:46.645+00:00,SOL-USD,coinbase,85.125,85.12,85.13
2026-03-11T15:36:46.777+00:00,ETH-USD,coinbase,2041.275,2041.27,2041.28
2026-03-11T15:36:46.822+00:00,BTC-USD,coinbase,70062.475,70062.47,70062.48
2026-03-11T15:36:46.850+00:00,SOL-USD,coinbase,85.125,85.12,85.13
2026-03-11T15:36:47.033+00:00,ETH-USD,coinbase,2041.275,2041.27,2041.28
2026-03-11T15:36:47.074+00:00,BTC-USD,coinbase,70062.475,70062.47,70062.48
2026-03-11T15:36:47.169+00:00,SOL-USD,coinbase,85.125,85.12,85.13
2026-03-11T15:36:47.323+00:00,BTC-USD,coinbase,70062.475,70062.47,70062.48
2026-03-11T15:36:47.350+00:00,SOL-USD,coinbase,85.125,85.12,85.13
2026-03-11T15:36:47.533+00:00,ETH-USD,coinbase,2041.21,2041.2,2041.22
2026-03-11T15:36:47.573+00:00,BTC-USD,coinbase,70062.455,70062.45,70062.46
2026-03-11T15:36:47.600+00:00,SOL-USD,coinbase,85.125,85.12,85.13
2026-03-11T15:36:47.705+00:00,BTC-USD,coinbase,70062.455,70062.45,70062.46
2026-03-11T15:36:47.787+00:00,ETH-USD,coinbase,2041.0749999999998,2041.05,2041.1
2026-03-11T15:36:47.870+00:00,SOL-USD,coinbase,85.125,85.12,85.13
2026-03-11T15:36:47.885+00:00,BTC-USD,coinbase,70062.455,70062.45,70062.46
2026-03-11T15:36:48.037+00:00,ETH-USD,coinbase,2041.045,2041.04,2041.05
2026-03-11T15:36:48.085+00:00,BTC-USD,coinbase,70056.08499999999,70054.42,70057.75
2026-03-11T15:36:48.103+00:00,SOL-USD,coinbase,85.125,85.12,85.13
2026-03-11T15:36:48.219+00:00,BTC-USD,coinbase,70056.08499999999,70054.42,70057.75
2026-03-11T15:36:48.308+00:00,ETH-USD,coinbase,2041.045,2041.04,2041.05
2026-03-11T15:36:48.324+00:00,ETH-USD,coinbase,2040.8850000000002,2040.88,2040.89
2026-03-11T15:36:48.352+00:00,SOL-USD,coinbase,85.10499999999999,85.1,85.11
2026-03-11T15:36:48.497+00:00,SOL-USD,coinbase,85.10499999999999,85.1,85.11
2026-03-11T15:36:48.539+00:00,ETH-USD,coinbase,2040.8850000000002,2040.88,2040.89
2026-03-11T15:36:48.558+00:00,ETH-USD,coinbase,2040.8850000000002,2040.88,2040.89
2026-03-11T15:36:48.576+00:00,BTC-USD,coinbase,70055.215,70054.41,70056.02
2026-03-11T15:36:48.598+00:00,SOL-USD,coinbase,85.10499999999999,85.1,85.11
2026-03-11T15:36:48.742+00:00,BTC-USD,coinbase,70055.215,70054.41,70056.02
2026-03-11T15:36:48.786+00:00,ETH-USD,coinbase,2040.8049999999998,2040.8,2040.81
2026-03-11T15:36:48.821+00:00,BTC-USD,coinbase,70054.86,70054.4,70055.32
2026-03-11T15:36:48.849+00:00,SOL-USD,coinbase,85.10499999999999,85.1,85.11
2026-03-11T15:36:48.943+00:00,BTC-USD,coinbase,70054.86,70054.4,70055.32
2026-03-11T15:36:49.034+00:00,ETH-USD,coinbase,2040.8249999999998,2040.82,2040.83
2026-03-11T15:36:49.043+00:00,ETH-USD,coinbase,2040.8249999999998,2040.82,2040.83
2026-03-11T15:36:49.071+00:00,BTC-USD,coinbase,70056.005,70056.0,70056.01
2026-03-11T15:36:49.099+00:00,SOL-USD,coinbase,85.10499999999999,85.1,85.11
2026-03-11T15:36:49.287+00:00,ETH-USD,coinbase,2040.4050000000002,2040.4,2040.41
2026-03-11T15:36:49.320+00:00,BTC-USD,coinbase,70051.205,70051.2,70051.21
2026-03-11T15:36:49.352+00:00,SOL-USD,coinbase,85.10499999999999,85.1,85.11
2026-03-11T15:36:49.445+00:00,BTC-USD,coinbase,70051.205,70051.2,70051.21
2026-03-11T15:36:49.534+00:00,ETH-USD,coinbase,2040.51,2040.47,2040.55
2026-03-11T15:36:49.560+00:00,ETH-USD,coinbase,2040.51,2040.47,2040.55
2026-03-11T15:36:49.573+00:00,BTC-USD,coinbase,70051.205,70051.2,70051.21
2026-03-11T15:36:49.599+00:00,SOL-USD,coinbase,85.10499999999999,85.1,85.11
2026-03-11T15:36:49.680+00:00,BTC-USD,coinbase,70051.205,70051.2,70051.21
2026-03-11T15:36:49.790+00:00,ETH-USD,coinbase,2040.605,2040.51,2040.7
2026-03-11T15:36:49.806+00:00,ETH-USD,coinbase,2040.605,2040.51,2040.7
2026-03-11T15:36:49.821+00:00,BTC-USD,coinbase,70051.205,70051.2,70051.21
2026-03-11T15:36:49.852+00:00,SOL-USD,coinbase,85.10499999999999,85.1,85.11
2026-03-11T15:36:49.943+00:00,BTC-USD,coinbase,70051.205,70051.2,70051.21
2026-03-11T15:36:50.033+00:00,ETH-USD,coinbase,2040.5549999999998,2040.55,2040.56
2026-03-11T15:36:50.033+00:00,ETH-USD,kraken,2040.475,2040.47,2040.48
2026-03-11T15:36:50.072+00:00,BTC-USD,coinbase,70051.205,70051.2,70051.21
2026-03-11T15:36:50.100+00:00,SOL-USD,coinbase,85.10499999999999,85.1,85.11
2026-03-11T15:36:50.314+00:00,ETH-USD,coinbase,2040.435,2040.43,2040.44
2026-03-11T15:36:50.317+00:00,BTC-USD,coinbase,70051.205,70051.2,70051.21
2026-03-11T15:36:50.350+00:00,SOL-USD,coinbase,85.10499999999999,85.1,85.11
2026-03-11T15:36:50.534+00:00,ETH-USD,coinbase,2040.475,2040.41,2040.54
2026-03-11T15:36:50.574+00:00,BTC-USD,coinbase,70052.0,70050.0,70054.0
2026-03-11T15:36:50.600+00:00,SOL-USD,coinbase,85.10499999999999,85.1,85.11
2026-03-11T15:36:50.695+00:00,BTC-USD,coinbase,70052.0,70050.0,70054.0
2026-03-11T15:36:50.841+00:00,ETH-USD,coinbase,2040.46,2040.43,2040.49
2026-03-11T15:36:50.842+00:00,BTC-USD,coinbase,70051.85500000001,70051.85,70051.86
2026-03-11T15:36:50.852+00:00,SOL-USD,coinbase,85.10499999999999,85.1,85.11
2026-03-11T15:36:50.945+00:00,BTC-USD,coinbase,70051.85500000001,70051.85,70051.86
2026-03-11T15:36:51.034+00:00,ETH-USD,coinbase,2040.495,2040.49,2040.5
2026-03-11T15:36:51.071+00:00,BTC-USD,coinbase,70056.025,70056.02,70056.03
2026-03-11T15:36:51.098+00:00,SOL-USD,coinbase,85.10499999999999,85.1,85.11
2026-03-11T15:36:51.194+00:00,BTC-USD,coinbase,70056.025,70056.02,70056.03
2026-03-11T15:36:51.363+00:00,ETH-USD,coinbase,2040.495,2040.49,2040.5
2026-03-11T15:36:51.364+00:00,BTC-USD,coinbase,70055.17499999999,70054.4,70055.95
2026-03-11T15:36:51.364+00:00,SOL-USD,coinbase,85.10499999999999,85.1,85.11
2026-03-11T15:36:51.469+00:00,SOL-USD,kraken,85.09,85.08,85.1
2026-03-11T15:36:51.533+00:00,ETH-USD,coinbase,2040.49,2040.48,2040.5
2026-03-11T15:36:51.574+00:00,BTC-USD,coinbase,70054.405,70054.4,70054.41
2026-03-11T15:36:51.603+00:00,SOL-USD,coinbase,85.10499999999999,85.1,85.11
2026-03-11T15:36:51.788+00:00,ETH-USD,coinbase,2040.49,2040.48,2040.5
2026-03-11T15:36:51.889+00:00,BTC-USD,coinbase,70055.14499999999,70054.4,70055.89
2026-03-11T15:36:51.889+00:00,SOL-USD,coinbase,85.10499999999999,85.1,85.11
2026-03-11T15:36:51.944+00:00,BTC-USD,coinbase,70055.14499999999,70054.4,70055.89
2026-03-11T15:36:52.036+00:00,ETH-USD,coinbase,2040.585,2040.58,2040.59
2026-03-11T15:36:52.073+00:00,BTC-USD,coinbase,70055.72,70055.45,70055.99
2026-03-11T15:36:52.104+00:00,SOL-USD,coinbase,85.10499999999999,85.1,85.11
2026-03-11T15:36:52.288+00:00,ETH-USD,coinbase,2040.49,2040.48,2040.5
2026-03-11T15:36:52.320+00:00,BTC-USD,coinbase,70055.985,70055.98,70055.99
2026-03-11T15:36:52.412+00:00,SOL-USD,coinbase,85.10499999999999,85.1,85.11
2026-03-11T15:36:52.440+00:00,BTC-USD,coinbase,70055.985,70055.98,70055.99
2026-03-11T15:36:52.533+00:00,ETH-USD,coinbase,2040.495,2040.49,2040.5
2026-03-11T15:36:52.574+00:00,BTC-USD,coinbase,70059.985,70059.98,70059.99
2026-03-11T15:36:52.600+00:00,SOL-USD,coinbase,85.11500000000001,85.11,85.12
2026-03-11T15:36:52.785+00:00,ETH-USD,coinbase,2040.495,2040.49,2040.5
2026-03-11T15:36:52.820+00:00,BTC-USD,coinbase,70058.17,70058.0,70058.34
2026-03-11T15:36:52.938+00:00,SOL-USD,coinbase,85.10499999999999,85.1,85.11
2026-03-11T15:36:52.943+00:00,BTC-USD,coinbase,70058.17,70058.0,70058.34
2026-03-11T15:36:53.036+00:00,ETH-USD,coinbase,2040.4850000000001,2040.48,2040.49
2026-03-11T15:36:53.077+00:00,BTC-USD,coinbase,70055.985,70055.98,70055.99
2026-03-11T15:36:53.099+00:00,SOL-USD,coinbase,85.10499999999999,85.1,85.11
2026-03-11T15:36:53.186+00:00,BTC-USD,coinbase,70055.985,70055.98,70055.99
2026-03-11T15:36:53.284+00:00,ETH-USD,coinbase,2040.4850000000001,2040.48,2040.49
2026-03-11T15:36:53.350+00:00,SOL-USD,coinbase,85.10499999999999,85.1,85.11
2026-03-11T15:36:53.461+00:00,BTC-USD,coinbase,70055.985,70055.98,70055.99
2026-03-11T15:36:53.571+00:00,BTC-USD,coinbase,70055.985,70055.98,70055.99
2026-03-11T15:36:53.600+00:00,SOL-USD,coinbase,85.10499999999999,85.1,85.11
2026-03-11T15:36:53.689+00:00,BTC-USD,coinbase,70055.985,70055.98,70055.99
2026-03-11T15:36:53.783+00:00,ETH-USD,coinbase,2040.4850000000001,2040.48,2040.49
2026-03-11T15:36:53.822+00:00,BTC-USD,coinbase,70055.985,70055.98,70055.99
2026-03-11T15:36:53.850+00:00,SOL-USD,coinbase,85.10499999999999,85.1,85.11
2026-03-11T15:36:54.071+00:00,BTC-USD,coinbase,70055.985,70055.98,70055.99
2026-03-11T15:36:54.322+00:00,BTC-USD,coinbase,70054.405,70054.4,70054.41
2026-03-11T15:36:54.350+00:00,SOL-USD,coinbase,85.10499999999999,85.1,85.11
2026-03-11T15:36:54.509+00:00,BTC-USD,coinbase,70054.405,70054.4,70054.41
2026-03-11T15:36:54.536+00:00,ETH-USD,coinbase,2040.4850000000001,2040.48,2040.49
2026-03-11T15:36:54.574+00:00,BTC-USD,coinbase,70054.405,70054.4,70054.41
2026-03-11T15:36:54.599+00:00,SOL-USD,coinbase,85.10499999999999,85.1,85.11
2026-03-11T15:36:54.788+00:00,ETH-USD,coinbase,2040.4850000000001,2040.48,2040.49
2026-03-11T15:36:54.822+00:00,BTC-USD,coinbase,70054.405,70054.4,70054.41
2026-03-11T15:36:54.852+00:00,SOL-USD,coinbase,85.10499999999999,85.1,85.11
2026-03-11T15:36:55.037+00:00,SOL-USD,coinbase,85.10499999999999,85.1,85.11
2026-03-11T15:36:55.038+00:00,ETH-USD,coinbase,2040.165,2040.16,2040.17
2026-03-11T15:36:55.074+00:00,BTC-USD,coinbase,70048.005,70048.0,70048.01
2026-03-11T15:36:55.098+00:00,SOL-USD,coinbase,85.095,85.09,85.1
2026-03-11T15:36:55.193+00:00,BTC-USD,coinbase,70048.005,70048.0,70048.01
2026-03-11T15:36:55.258+00:00,ETH-USD,coinbase,2040.165,2040.16,2040.17
2026-03-11T15:36:55.319+00:00,BTC-USD,coinbase,70048.005,70048.0,70048.01
2026-03-11T15:36:55.559+00:00,ETH-USD,coinbase,2040.165,2040.16,2040.17
2026-03-11T15:36:55.571+00:00,BTC-USD,coinbase,70048.005,70048.0,70048.01
2026-03-11T15:36:55.598+00:00,SOL-USD,coinbase,85.095,85.09,85.1
2026-03-11T15:36:55.786+00:00,ETH-USD,coinbase,2039.9650000000001,2039.96,2039.97
2026-03-11T15:36:55.796+00:00,ETH-USD,coinbase,2039.9650000000001,2039.96,2039.97
2026-03-11T15:36:55.822+00:00,BTC-USD,coinbase,70041.60500000001,70041.6,70041.61
2026-03-11T15:36:55.855+00:00,SOL-USD,coinbase,85.065,85.06,85.07
2026-03-11T15:36:55.954+00:00,BTC-USD,coinbase,70041.60500000001,70041.6,70041.61
2026-03-11T15:36:56.082+00:00,ETH-USD,coinbase,2039.8449999999998,2039.84,2039.85
2026-03-11T15:36:56.083+00:00,ETH-USD,coinbase,2039.8449999999998,2039.84,2039.85
2026-03-11T15:36:56.083+00:00,SOL-USD,coinbase,85.065,85.06,85.07
2026-03-11T15:36:56.088+00:00,BTC-USD,coinbase,70038.405,70038.4,70038.41
2026-03-11T15:36:56.102+00:00,SOL-USD,coinbase,85.065,85.06,85.07
2026-03-11T15:36:56.198+00:00,BTC-USD,coinbase,70038.405,70038.4,70038.41
2026-03-11T15:36:56.287+00:00,ETH-USD,coinbase,2039.7649999999999,2039.76,2039.77
2026-03-11T15:36:56.295+00:00,ETH-USD,coinbase,2039.7649999999999,2039.76,2039.77
2026-03-11T15:36:56.320+00:00,BTC-USD,coinbase,70038.405,70038.4,70038.41
2026-03-11T15:36:56.349+00:00,SOL-USD,coinbase,85.065,85.06,85.07
2026-03-11T15:36:56.448+00:00,BTC-USD,coinbase,70038.405,70038.4,70038.41
2026-03-11T15:36:56.507+00:00,SOL-USD,coinbase,85.065,85.06,85.07
2026-03-11T15:36:56.607+00:00,ETH-USD,coinbase,2039.7649999999999,2039.76,2039.77
2026-03-11T15:36:56.607+00:00,ETH-USD,coinbase,2039.7649999999999,2039.76,2039.77
2026-03-11T15:36:56.607+00:00,BTC-USD,coinbase,70038.405,70038.4,70038.41
2026-03-11T15:36:56.607+00:00,SOL-USD,coinbase,85.065,85.06,85.07
2026-03-11T15:36:56.784+00:00,ETH-USD,coinbase,2039.7649999999999,2039.76,2039.77
2026-03-11T15:36:56.820+00:00,BTC-USD,coinbase,70032.005,70032.0,70032.01
2026-03-11T15:36:56.853+00:00,SOL-USD,coinbase,85.055,85.05,85.06
2026-03-11T15:36:56.952+00:00,BTC-USD,coinbase,70032.005,70032.0,70032.01
2026-03-11T15:36:57.129+00:00,ETH-USD,coinbase,2039.4450000000002,2039.44,2039.45
2026-03-11T15:36:57.130+00:00,SOL-USD,coinbase,85.055,85.05,85.06
2026-03-11T15:36:57.130+00:00,ETH-USD,coinbase,2039.4450000000002,2039.44,2039.45
2026-03-11T15:36:57.146+00:00,BTC-USD,coinbase,70028.805,70028.8,70028.81
2026-03-11T15:36:57.161+00:00,SOL-USD,coinbase,85.045,85.04,85.05
2026-03-11T15:36:57.216+00:00,BTC-USD,coinbase,70028.805,70028.8,70028.81
2026-03-11T15:36:57.282+00:00,ETH-USD,coinbase,2039.4450000000002,2039.44,2039.45
2026-03-11T15:36:57.297+00:00,ETH-USD,coinbase,2039.4450000000002,2039.44,2039.45
2026-03-11T15:36:57.323+00:00,BTC-USD,coinbase,70028.805,70028.8,70028.81
2026-03-11T15:36:57.353+00:00,SOL-USD,coinbase,85.055,85.05,85.06
2026-03-11T15:36:57.536+00:00,ETH-USD,coinbase,2039.4450000000002,2039.44,2039.45
2026-03-11T15:36:57.654+00:00,BTC-USD,coinbase,70028.805,70028.8,70028.81
2026-03-11T15:36:57.654+00:00,SOL-USD,coinbase,85.055,85.05,85.06
2026-03-11T15:36:57.786+00:00,ETH-USD,coinbase,2039.56,2039.44,2039.68
2026-03-11T15:36:57.821+00:00,BTC-USD,coinbase,70037.5,70036.6,70038.4
2026-03-11T15:36:57.823+00:00,ETH-USD,kraken,2039.62,2039.44,2039.8
2026-03-11T15:36:57.852+00:00,SOL-USD,coinbase,85.07499999999999,85.07,85.08
2026-03-11T15:36:57.944+00:00,BTC-USD,coinbase,70037.5,70036.6,70038.4
2026-03-11T15:36:58.034+00:00,ETH-USD,coinbase,2039.895,2039.89,2039.9
2026-03-11T15:36:58.035+00:00,SOL-USD,coinbase,85.07499999999999,85.07,85.08
2026-03-11T15:36:58.036+00:00,ETH-USD,coinbase,2039.895,2039.89,2039.9
2026-03-11T15:36:58.085+00:00,BTC-USD,coinbase,70046.63500000001,70046.63,70046.64
2026-03-11T15:36:58.181+00:00,SOL-USD,coinbase,85.07499999999999,85.07,85.08
2026-03-11T15:36:58.192+00:00,BTC-USD,coinbase,70046.63500000001,70046.63,70046.64
2026-03-11T15:36:58.261+00:00,ETH-USD,coinbase,2039.895,2039.89,2039.9
2026-03-11T15:36:58.285+00:00,ETH-USD,coinbase,2039.995,2039.99,2040.0
2026-03-11T15:36:58.322+00:00,BTC-USD,coinbase,70050.315,70050.31,70050.32
2026-03-11T15:36:58.353+00:00,SOL-USD,coinbase,85.095,85.09,85.1
2026-03-11T15:36:58.445+00:00,BTC-USD,coinbase,70050.315,70050.31,70050.32
2026-03-11T15:36:58.533+00:00,ETH-USD,coinbase,2039.995,2039.99,2040.0
2026-03-11T15:36:58.537+00:00,SOL-USD,coinbase,85.095,85.09,85.1
2026-03-11T15:36:58.537+00:00,ETH-USD,coinbase,2039.995,2039.99,2040.0
2026-03-11T15:36:58.575+00:00,BTC-USD,coinbase,70054.66500000001,70054.0,70055.33
2026-03-11T15:36:58.599+00:00,SOL-USD,coinbase,85.08500000000001,85.08,85.09
2026-03-11T15:36:58.783+00:00,ETH-USD,coinbase,2039.995,2039.99,2040.0
2026-03-11T15:36:58.820+00:00,BTC-USD,coinbase,70054.70999999999,70054.12,70055.3
2026-03-11T15:36:59.034+00:00,ETH-USD,coinbase,2040.145,2040.13,2040.16
2026-03-11T15:36:59.043+00:00,ETH-USD,coinbase,2040.145,2040.13,2040.16
2026-03-11T15:36:59.072+00:00,BTC-USD,coinbase,70054.76000000001,70054.3,70055.22
2026-03-11T15:36:59.098+00:00,SOL-USD,coinbase,85.08500000000001,85.08,85.09
2026-03-11T15:36:59.226+00:00,SOL-USD,kraken,85.08500000000001,85.08,85.09
2026-03-11T15:36:59.286+00:00,ETH-USD,coinbase,2040.1550000000002,2040.15,2040.16
2026-03-11T15:36:59.320+00:00,BTC-USD,coinbase,70054.69,70054.18,70055.2
2026-03-11T15:36:59.350+00:00,SOL-USD,coinbase,85.08500000000001,85.08,85.09
2026-03-11T15:36:59.426+00:00,BTC-USD,coinbase,70054.69,70054.18,70055.2
2026-03-11T15:36:59.535+00:00,ETH-USD,coinbase,2040.125,2040.12,2040.13
2026-03-11T15:36:59.572+00:00,BTC-USD,coinbase,70054.73499999999,70054.18,70055.29
2026-03-11T15:36:59.599+00:00,SOL-USD,coinbase,85.08500000000001,85.08,85.09
2026-03-11T15:36:59.783+00:00,ETH-USD,coinbase,2040.1550000000002,2040.15,2040.16
2026-03-11T15:36:59.803+00:00,ETH-USD,coinbase,2040.1550000000002,2040.15,2040.16
2026-03-11T15:36:59.822+00:00,BTC-USD,coinbase,70055.16500000001,70055.16,70055.17
2026-03-11T15:36:59.852+00:00,SOL-USD,coinbase,85.095,85.09,85.1
2026-03-11T15:37:00.034+00:00,ETH-USD,coinbase,2040.1550000000002,2040.15,2040.16
2026-03-11T15:37:00.070+00:00,BTC-USD,coinbase,70055.315,70055.31,70055.32
2026-03-11T15:37:00.104+00:00,SOL-USD,coinbase,85.095,85.09,85.1
2026-03-11T15:37:00.287+00:00,ETH-USD,coinbase,2040.315,2040.31,2040.32
2026-03-11T15:37:00.320+00:00,BTC-USD,coinbase,70057.595,70057.59,70057.6
2026-03-11T15:37:00.350+00:00,SOL-USD,coinbase,85.10499999999999,85.1,85.11
2026-03-11T15:37:00.454+00:00,BTC-USD,coinbase,70057.595,70057.59,70057.6
2026-03-11T15:37:00.533+00:00,SOL-USD,coinbase,85.10499999999999,85.1,85.11
2026-03-11T15:37:00.536+00:00,ETH-USD,coinbase,2040.475,2040.47,2040.48
2026-03-11T15:37:00.539+00:00,ETH-USD,coinbase,2040.475,2040.47,2040.48
2026-03-11T15:37:00.581+00:00,BTC-USD,coinbase,70060.795,70060.79,70060.8
2026-03-11T15:37:00.599+00:00,SOL-USD,coinbase,85.11500000000001,85.11,85.12
2026-03-11T15:37:00.695+00:00,BTC-USD,coinbase,70060.795,70060.79,70060.8
2026-03-11T15:37:00.800+00:00,SOL-USD,coinbase,85.11500000000001,85.11,85.12
2026-03-11T15:37:00.803+00:00,ETH-USD,coinbase,2040.875,2040.87,2040.88
2026-03-11T15:37:00.803+00:00,ETH-USD,coinbase,2040.875,2040.87,2040.88
2026-03-11T15:37:00.823+00:00,BTC-USD,coinbase,70067.195,70067.19,70067.2
2026-03-11T15:37:00.877+00:00,SOL-USD,coinbase,85.125,85.12,85.13
2026-03-11T15:37:00.975+00:00,ETH-USD,kraken,2040.4250000000002,2040.42,2040.43
2026-03-11T15:37:01.036+00:00,ETH-USD,coinbase,2040.875,2040.87,2040.88
2026-03-11T15:37:01.040+00:00,ETH-USD,coinbase,2040.875,2040.87,2040.88
2026-03-11T15:37:01.079+00:00,BTC-USD,coinbase,70080.14,70078.0,70082.28
2026-03-11T15:37:01.102+00:00,SOL-USD,coinbase,85.13499999999999,85.13,85.14
2026-03-11T15:37:01.182+00:00,BTC-USD,coinbase,70080.14,70078.0,70082.28
2026-03-11T15:37:01.333+00:00,ETH-USD,coinbase,2040.875,2040.87,2040.88
2026-03-11T15:37:01.333+00:00,SOL-USD,coinbase,85.13499999999999,85.13,85.14
2026-03-11T15:37:01.334+00:00,ETH-USD,coinbase,2040.995,2040.96,2041.03
2026-03-11T15:37:01.335+00:00,BTC-USD,coinbase,70078.015,70078.01,70078.02
2026-03-11T15:37:01.353+00:00,SOL-USD,coinbase,85.13,85.12,85.14
2026-03-11T15:37:01.418+00:00,BTC-USD,coinbase,70078.015,70078.01,70078.02
2026-03-11T15:37:01.536+00:00,ETH-USD,coinbase,2041.045,2040.99,2041.1
2026-03-11T15:37:01.540+00:00,ETH-USD,coinbase,2041.045,2040.99,2041.1
2026-03-11T15:37:01.577+00:00,BTC-USD,coinbase,70078.015,70078.01,70078.02
2026-03-11T15:37:01.599+00:00,SOL-USD,coinbase,85.125,85.12,85.13
2026-03-11T15:37:01.690+00:00,BTC-USD,coinbase,70078.015,70078.01,70078.02
2026-03-11T15:37:01.849+00:00,ETH-USD,coinbase,2041.0349999999999,2040.99,2041.08
2026-03-11T15:37:01.850+00:00,BTC-USD,coinbase,70078.015,70078.01,70078.02
2026-03-11T15:37:01.853+00:00,SOL-USD,coinbase,85.125,85.12,85.13
2026-03-11T15:37:01.936+00:00,BTC-USD,coinbase,70078.015,70078.01,70078.02
2026-03-11T15:37:02.028+00:00,SOL-USD,coinbase,85.125,85.12,85.13
2026-03-11T15:37:02.033+00:00,ETH-USD,coinbase,2041.105,2041.05,2041.16
2026-03-11T15:37:02.036+00:00,ETH-USD,coinbase,2041.105,2041.05,2041.16
2026-03-11T15:37:02.072+00:00,BTC-USD,coinbase,70078.015,70078.01,70078.02
2026-03-11T15:37:02.103+00:00,SOL-USD,coinbase,85.125,85.12,85.13
2026-03-11T15:37:02.195+00:00,BTC-USD,coinbase,70078.015,70078.01,70078.02
2026-03-11T15:37:02.219+00:00,ETH-USD,kraken,2040.755,2040.42,2041.09
2026-03-11T15:37:02.283+00:00,ETH-USD,coinbase,2041.1750000000002,2041.13,2041.22
2026-03-11T15:37:02.371+00:00,BTC-USD,coinbase,70078.015,70078.01,70078.02
2026-03-11T15:37:02.371+00:00,SOL-USD,coinbase,85.13499999999999,85.13,85.14
2026-03-11T15:37:02.535+00:00,ETH-USD,coinbase,2041.2150000000001,2041.21,2041.22
2026-03-11T15:37:02.573+00:00,BTC-USD,coinbase,70082.275,70082.27,70082.28
2026-03-11T15:37:02.599+00:00,SOL-USD,coinbase,85.13499999999999,85.13,85.14
2026-03-11T15:37:02.694+00:00,BTC-USD,coinbase,70082.275,70082.27,70082.28
2026-03-11T15:37:02.896+00:00,BTC-USD,coinbase,70082.275,70082.27,70082.28
2026-03-11T15:37:02.929+00:00,BTC-USD,coinbase,70082.275,70082.27,70082.28
2026-03-11T15:37:03.033+00:00,ETH-USD,coinbase,2041.275,2041.27,2041.28
2026-03-11T15:37:03.071+00:00,BTC-USD,coinbase,70086.39499999999,70086.39,70086.4
2026-03-11T15:37:03.192+00:00,BTC-USD,coinbase,70086.39499999999,70086.39,70086.4
2026-03-11T15:37:03.252+00:00,ETH-USD,coinbase,2041.275,2041.27,2041.28
2026-03-11T15:37:03.284+00:00,ETH-USD,coinbase,2041.755,2041.75,2041.76
2026-03-11T15:37:03.327+00:00,BTC-USD,coinbase,70086.39499999999,70086.39,70086.4
2026-03-11T15:37:03.434+00:00,BTC-USD,coinbase,70086.39499999999,70086.39,70086.4
2026-03-11T15:37:03.524+00:00,SOL-USD,coinbase,85.13499999999999,85.13,85.14
2026-03-11T15:37:03.535+00:00,ETH-USD,coinbase,2041.835,2041.83,2041.84
2026-03-11T15:37:03.536+00:00,ETH-USD,coinbase,2041.835,2041.83,2041.84
2026-03-11T15:37:03.577+00:00,BTC-USD,coinbase,70095.995,70095.99,70096.0
2026-03-11T15:37:03.578+00:00,SOL-USD,coinbase,85.155,85.15,85.16
2026-03-11T15:37:03.606+00:00,SOL-USD,coinbase,85.155,85.15,85.16
2026-03-11T15:37:03.693+00:00,BTC-USD,coinbase,70095.995,70095.99,70096.0
2026-03-11T15:37:03.784+00:00,SOL-USD,coinbase,85.155,85.15,85.16
2026-03-11T15:37:03.786+00:00,ETH-USD,coinbase,2041.835,2041.83,2041.84
2026-03-11T15:37:03.823+00:00,BTC-USD,coinbase,70098.61,70098.03,70099.19
2026-03-11T15:37:03.947+00:00,BTC-USD,coinbase,70098.61,70098.03,70099.19
2026-03-11T15:37:03.989+00:00,SOL-USD,coinbase,85.155,85.15,85.16
2026-03-11T15:37:04.033+00:00,ETH-USD,coinbase,2041.835,2041.83,2041.84
2026-03-11T15:37:04.036+00:00,SOL-USD,coinbase,85.155,85.15,85.16
2026-03-11T15:37:04.076+00:00,BTC-USD,coinbase,70102.39499999999,70102.39,70102.4
2026-03-11T15:37:04.087+00:00,SOL-USD,kraken,85.155,85.15,85.16
2026-03-11T15:37:04.107+00:00,SOL-USD,coinbase,85.16499999999999,85.16,85.17
2026-03-11T15:37:04.194+00:00,BTC-USD,coinbase,70102.39499999999,70102.39,70102.4
2026-03-11T15:37:04.257+00:00,SOL-USD,coinbase,85.16499999999999,85.16,85.17
2026-03-11T15:37:04.286+00:00,ETH-USD,coinbase,2041.835,2041.83,2041.84
2026-03-11T15:37:04.321+00:00,BTC-USD,coinbase,70102.39499999999,70102.39,70102.4
2026-03-11T15:37:04.349+00:00,SOL-USD,coinbase,85.16499999999999,85.16,85.17
2026-03-11T15:37:04.533+00:00,ETH-USD,coinbase,2041.835,2041.83,2041.84
2026-03-11T15:37:04.574+00:00,BTC-USD,coinbase,70102.39499999999,70102.39,70102.4
2026-03-11T15:37:04.676+00:00,BTC-USD,coinbase,70102.39499999999,70102.39,70102.4
2026-03-11T15:37:04.786+00:00,ETH-USD,coinbase,2041.835,2041.83,2041.84
2026-03-11T15:37:04.821+00:00,BTC-USD,coinbase,70104.005,70104.0,70104.01
2026-03-11T15:37:04.853+00:00,SOL-USD,coinbase,85.16499999999999,85.16,85.17
2026-03-11T15:37:04.994+00:00,BTC-USD,coinbase,70104.005,70104.0,70104.01
2026-03-11T15:37:05.034+00:00,ETH-USD,coinbase,2041.835,2041.83,2041.84
2026-03-11T15:37:05.087+00:00,BTC-USD,coinbase,70108.805,70108.8,70108.81
2026-03-11T15:37:05.099+00:00,SOL-USD,coinbase,85.155,85.15,85.16
2026-03-11T15:37:05.285+00:00,ETH-USD,coinbase,2041.835,2041.83,2041.84
2026-03-11T15:37:05.320+00:00,BTC-USD,coinbase,70108.805,70108.8,70108.81
2026-03-11T15:37:05.350+00:00,SOL-USD,coinbase,85.155,85.15,85.16
2026-03-11T15:37:05.521+00:00,BTC-USD,coinbase,70108.805,70108.8,70108.81
2026-03-11T15:37:05.532+00:00,ETH-USD,coinbase,2041.835,2041.83,2041.84
2026-03-11T15:37:05.571+00:00,BTC-USD,coinbase,70108.805,70108.8,70108.81
2026-03-11T15:37:05.598+00:00,SOL-USD,coinbase,85.155,85.15,85.16
2026-03-11T15:37:05.784+00:00,ETH-USD,coinbase,2041.835,2041.83,2041.84
2026-03-11T15:37:05.850+00:00,SOL-USD,coinbase,85.155,85.15,85.16
2026-03-11T15:37:05.876+00:00,BTC-USD,coinbase,70108.805,70108.8,70108.81
2026-03-11T15:37:06.043+00:00,ETH-USD,coinbase,2041.835,2041.83,2041.84
2026-03-11T15:37:06.165+00:00,BTC-USD,coinbase,70108.805,70108.8,70108.81
2026-03-11T15:37:06.283+00:00,ETH-USD,coinbase,2041.835,2041.83,2041.84
2026-03-11T15:37:06.350+00:00,SOL-USD,coinbase,85.155,85.15,85.16
2026-03-11T15:37:06.375+00:00,BTC-USD,coinbase,70108.805,70108.8,70108.81
2026-03-11T15:37:06.452+00:00,BTC-USD,coinbase,70108.805,70108.8,70108.81
2026-03-11T15:37:06.574+00:00,SOL-USD,coinbase,85.155,85.15,85.16
2026-03-11T15:37:06.574+00:00,ETH-USD,coinbase,2041.835,2041.83,2041.84
2026-03-11T15:37:06.575+00:00,BTC-USD,coinbase,70108.805,70108.8,70108.81
2026-03-11T15:37:06.599+00:00,SOL-USD,coinbase,85.155,85.15,85.16
2026-03-11T15:37:06.784+00:00,ETH-USD,coinbase,2041.835,2041.83,2041.84
2026-03-11T15:37:06.823+00:00,BTC-USD,coinbase,70108.805,70108.8,70108.81
2026-03-11T15:37:06.850+00:00,SOL-USD,coinbase,85.155,85.15,85.16
2026-03-11T15:37:07.106+00:00,ETH-USD,coinbase,2041.835,2041.83,2041.84
2026-03-11T15:37:07.123+00:00,BTC-USD,coinbase,70108.805,70108.8,70108.81
2026-03-11T15:37:07.124+00:00,SOL-USD,coinbase,85.155,85.15,85.16
2026-03-11T15:37:07.195+00:00,BTC-USD,coinbase,70108.805,70108.8,70108.81
2026-03-11T15:37:07.282+00:00,ETH-USD,coinbase,2041.835,2041.83,2041.84
2026-03-11T15:37:07.329+00:00,BTC-USD,coinbase,70108.805,70108.8,70108.81
2026-03-11T15:37:07.371+00:00,SOL-USD,coinbase,85.14500000000001,85.14,85.15
2026-03-11T15:37:07.496+00:00,SOL-USD,coinbase,85.14500000000001,85.14,85.15
2026-03-11T15:37:07.619+00:00,ETH-USD,coinbase,2041.835,2041.83,2041.84
2026-03-11T15:37:07.619+00:00,BTC-USD,coinbase,70108.805,70108.8,70108.81
2026-03-11T15:37:07.619+00:00,SOL-USD,coinbase,85.14500000000001,85.14,85.15
2026-03-11T15:37:07.632+00:00,ETH-USD,kraken,2042.02,2041.84,2042.2
2026-03-11T15:37:07.693+00:00,BTC-USD,coinbase,70108.805,70108.8,70108.81
2026-03-11T15:37:07.784+00:00,ETH-USD,coinbase,2041.835,2041.83,2041.84
2026-03-11T15:37:07.821+00:00,BTC-USD,coinbase,70108.805,70108.8,70108.81
2026-03-11T15:37:07.850+00:00,SOL-USD,coinbase,85.14500000000001,85.14,85.15
2026-03-11T15:37:08.035+00:00,ETH-USD,coinbase,2041.835,2041.83,2041.84
2026-03-11T15:37:08.139+00:00,BTC-USD,coinbase,70108.805,70108.8,70108.81
2026-03-11T15:37:08.140+00:00,SOL-USD,coinbase,85.14500000000001,85.14,85.15
2026-03-11T15:37:08.336+00:00,ETH-USD,coinbase,2041.835,2041.83,2041.84
2026-03-11T15:37:08.336+00:00,BTC-USD,coinbase,70108.805,70108.8,70108.81
2026-03-11T15:37:08.349+00:00,SOL-USD,coinbase,85.14500000000001,85.14,85.15
2026-03-11T15:37:08.533+00:00,ETH-USD,coinbase,2041.835,2041.83,2041.84
2026-03-11T15:37:08.573+00:00,BTC-USD,coinbase,70104.465,70103.89,70105.04
2026-03-11T15:37:08.664+00:00,SOL-USD,coinbase,85.14500000000001,85.14,85.15
2026-03-11T15:37:08.696+00:00,BTC-USD,coinbase,70104.465,70103.89,70105.04
2026-03-11T15:37:08.787+00:00,ETH-USD,coinbase,2041.835,2041.83,2041.84
2026-03-11T15:37:08.787+00:00,SOL-USD,coinbase,85.14500000000001,85.14,85.15
2026-03-11T15:37:08.822+00:00,BTC-USD,coinbase,70102.405,70102.4,70102.41
2026-03-11T15:37:08.853+00:00,SOL-USD,coinbase,85.13499999999999,85.13,85.14
2026-03-11T15:37:08.947+00:00,BTC-USD,coinbase,70102.405,70102.4,70102.41
2026-03-11T15:37:09.033+00:00,SOL-USD,coinbase,85.13499999999999,85.13,85.14
2026-03-11T15:37:09.034+00:00,ETH-USD,coinbase,2041.835,2041.83,2041.84
2026-03-11T15:37:09.041+00:00,ETH-USD,coinbase,2041.835,2041.83,2041.84
2026-03-11T15:37:09.071+00:00,BTC-USD,coinbase,70102.405,70102.4,70102.41
2026-03-11T15:37:09.187+00:00,SOL-USD,coinbase,85.13499999999999,85.13,85.14
2026-03-11T15:37:09.199+00:00,SOL-USD,kraken,85.135,85.12,85.15
2026-03-11T15:37:09.247+00:00,SOL-USD,kraken,85.135,85.12,85.15
2026-03-11T15:37:09.281+00:00,SOL-USD,coinbase,85.13499999999999,85.13,85.14
2026-03-11T15:37:09.288+00:00,ETH-USD,coinbase,2041.4450000000002,2041.44,2041.45
2026-03-11T15:37:09.304+00:00,ETH-USD,coinbase,2041.4450000000002,2041.44,2041.45
2026-03-11T15:37:09.323+00:00,BTC-USD,coinbase,70088.425,70087.85,70089.0
2026-03-11T15:37:09.353+00:00,SOL-USD,coinbase,85.11500000000001,85.11,85.12
2026-03-11T15:37:09.425+00:00,BTC-USD,coinbase,70088.425,70087.85,70089.0
2026-03-11T15:37:09.535+00:00,ETH-USD,coinbase,2041.46,2041.41,2041.51
2026-03-11T15:37:09.546+00:00,SOL-USD,coinbase,85.11500000000001,85.11,85.12
2026-03-11T15:37:09.554+00:00,ETH-USD,coinbase,2041.46,2041.41,2041.51
2026-03-11T15:37:09.577+00:00,BTC-USD,coinbase,70091.445,70091.44,70091.45
2026-03-11T15:37:09.603+00:00,SOL-USD,coinbase,85.125,85.12,85.13
2026-03-11T15:37:09.711+00:00,BTC-USD,coinbase,70091.445,70091.44,70091.45
2026-03-11T15:37:09.785+00:00,SOL-USD,coinbase,85.125,85.12,85.13
2026-03-11T15:37:09.786+00:00,ETH-USD,coinbase,2041.4650000000001,2041.46,2041.47
2026-03-11T15:37:09.799+00:00,ETH-USD,coinbase,2041.4650000000001,2041.46,2041.47
2026-03-11T15:37:09.821+00:00,BTC-USD,coinbase,70095.065,70095.06,70095.07
2026-03-11T15:37:09.849+00:00,SOL-USD,coinbase,85.12,85.11,85.13
2026-03-11T15:37:09.948+00:00,BTC-USD,coinbase,70095.065,70095.06,70095.07
2026-03-11T15:37:10.054+00:00,ETH-USD,coinbase,2041.435,2041.42,2041.45
2026-03-11T15:37:10.074+00:00,BTC-USD,coinbase,70095.065,70095.06,70095.07
2026-03-11T15:37:10.104+00:00,SOL-USD,coinbase,85.125,85.12,85.13
2026-03-11T15:37:10.236+00:00,BTC-USD,coinbase,70095.065,70095.06,70095.07
2026-03-11T15:37:10.320+00:00,BTC-USD,coinbase,70093.26999999999,70092.5,70094.04
2026-03-11T15:37:10.350+00:00,SOL-USD,coinbase,85.125,85.12,85.13
2026-03-11T15:37:10.535+00:00,ETH-USD,coinbase,2041.4250000000002,2041.42,2041.43
2026-03-11T15:37:10.575+00:00,BTC-USD,coinbase,70091.445,70091.44,70091.45
2026-03-11T15:37:10.599+00:00,SOL-USD,coinbase,85.11500000000001,85.11,85.12
2026-03-11T15:37:10.760+00:00,BTC-USD,coinbase,70091.445,70091.44,70091.45
2026-03-11T15:37:10.785+00:00,ETH-USD,coinbase,2041.4250000000002,2041.42,2041.43
2026-03-11T15:37:10.821+00:00,BTC-USD,coinbase,70090.61499999999,70090.61,70090.62
2026-03-11T15:37:10.850+00:00,SOL-USD,coinbase,85.11500000000001,85.11,85.12
2026-03-11T15:37:10.945+00:00,BTC-USD,coinbase,70090.61499999999,70090.61,70090.62
2026-03-11T15:37:11.032+00:00,ETH-USD,coinbase,2041.4250000000002,2041.42,2041.43
2026-03-11T15:37:11.072+00:00,BTC-USD,coinbase,70090.61499999999,70090.61,70090.62
2026-03-11T15:37:11.099+00:00,SOL-USD,coinbase,85.125,85.12,85.13
2026-03-11T15:37:11.286+00:00,ETH-USD,coinbase,2041.4250000000002,2041.42,2041.43
2026-03-11T15:37:11.320+00:00,BTC-USD,coinbase,70093.07500000001,70093.07,70093.08
2026-03-11T15:37:11.349+00:00,SOL-USD,coinbase,85.125,85.12,85.13
2026-03-11T15:37:11.533+00:00,SOL-USD,coinbase,85.125,85.12,85.13
2026-03-11T15:37:11.535+00:00,ETH-USD,coinbase,2041.525,2041.52,2041.53
2026-03-11T15:37:11.575+00:00,BTC-USD,coinbase,70095.025,70095.02,70095.03
2026-03-11T15:37:11.599+00:00,SOL-USD,coinbase,85.125,85.12,85.13
2026-03-11T15:37:11.676+00:00,ETH-USD,kraken,2041.335,2041.21,2041.46
2026-03-11T15:37:11.687+00:00,BTC-USD,coinbase,70095.025,70095.02,70095.03
2026-03-11T15:37:11.809+00:00,ETH-USD,coinbase,2041.525,2041.52,2041.53
2026-03-11T15:37:11.809+00:00,ETH-USD,coinbase,2041.525,2041.52,2041.53
2026-03-11T15:37:11.821+00:00,BTC-USD,coinbase,70095.025,70095.02,70095.03
2026-03-11T15:37:12.032+00:00,ETH-USD,coinbase,2041.525,2041.52,2041.53
2026-03-11T15:37:12.073+00:00,BTC-USD,coinbase,70095.025,70095.02,70095.03
2026-03-11T15:37:12.101+00:00,SOL-USD,coinbase,85.125,85.12,85.13
2026-03-11T15:37:12.335+00:00,ETH-USD,coinbase,2041.525,2041.52,2041.53
2026-03-11T15:37:12.356+00:00,SOL-USD,coinbase,85.125,85.12,85.13
2026-03-11T15:37:12.532+00:00,ETH-USD,coinbase,2041.435,2041.43,2041.44
2026-03-11T15:37:12.573+00:00,BTC-USD,coinbase,70095.025,70095.02,70095.03
2026-03-11T15:37:12.860+00:00,ETH-USD,coinbase,2041.525,2041.52,2041.53
2026-03-11T15:37:12.860+00:00,BTC-USD,coinbase,70099.195,70099.19,70099.2
2026-03-11T15:37:12.861+00:00,SOL-USD,coinbase,85.125,85.12,85.13
2026-03-11T15:37:12.935+00:00,BTC-USD,coinbase,70099.195,70099.19,70099.2
2026-03-11T15:37:13.035+00:00,ETH-USD,coinbase,2041.5949999999998,2041.59,2041.6
2026-03-11T15:37:13.078+00:00,BTC-USD,coinbase,70108.58499999999,70108.37,70108.8
2026-03-11T15:37:13.099+00:00,SOL-USD,coinbase,85.13499999999999,85.13,85.14
